3020 4878
228 409 260 462 de
277 409 466 478 pronominum
482 409 664 477 personalium
681 409 775 464 formis
797 416 824 464 ct
841 425 893 464 uso
910 411 1061 466 Homerico.
1140 409 1199 470 145

96 599 153 646 non
173 581 341 664 separatim
364 570 386 666 ἦ
407 604 469 657 τοι,
497 587 531 646 ut
552 581 585 645 in
607 581 837 648 recentioribus
860 581 1053 650 editionibus
1074 582 1200 668 legitur.

96 689 123 745 et
150 700 336 762 quamquam
365 681 409 745 ad
439 687 585 745 naturam
599 761 601 768 Α
614 679 708 746 huius
741 681 916 766 particulae
945 681 1200 765 perspiciendam

95 779 212 860 paulum
230 779 356 861 refert,
390 787 492 844 utrum
523 778 757 861 praeferamus,
790 787 898 846 tamen
929 779 1201 862 Naegelsbachius

94 877 238 958 scriptura
260 875 336 962 ἤτοι
359 877 402 941 ad
425 877 564 959 aliquem
588 897 726 944 errorem
748 878 920 961 perductus
942 885 1000 944 est.
1033 897 1108 942 uam
1130 897 1201 944 cum

95 974 206 1040 videret
226 975 289 1038 vim
307 973 407 1038 dativi
424 974 519 1040 ethici
540 975 641 1039 multo
663 975 808 1058 pluribus
829 976 907 1042 locis
922 976 955 1039 in
975 971 1051 1061 ἤτοι
1072 996 1202 1058 prorsus

94 1073 249 1138 evanuisse
272 1093 367 1154 quam
390 1073 423 1136 in
447 1073 583 1156 simplici
605 1077 668 1150 τοί,
697 1074 743 1137 ita
764 1080 799 1137 ut
820 1071 895 1158 ἤτοι
918 1074 1014 1140 etiam
1036 1073 1070 1138 in
1093 1094 1202 1138 narra·
1230 1071 1231 1076 ’

93 1169 170 1236 tione
191 1176 366 1254 usurpetur,
390 1177 424 1235 ut

131 1305 148 1384 ζ
167 1311 204 1372 85
216 1327 278 1389 sq.:
302 1309 339 1370 οἳ
361 1302 396 1368 δ’
422 1303 477 1371 ὅτε
502 1304 542 1394 δὴ
567 1311 737 1387 ποταμοῖο
760 1304 839 1391 ῥόον
861 1303 1056 1392 περικαλλέ’
1076 1305 1200 1386 ἵκοντο,

306 1399 385 1468 ἕνθ’
410 1393 431 1489 ἦ
452 1427 506 1468 τοι
529 1403 649 1468 πλυνοὶ
672 1393 758 1490 ἦσαν
781 1402 972 1491 ἐπηετανοί,
996 1406 1074 1484 κτλ,

32 1551 43 1566 “
93 1549 228 1606 accurate
263 1540 523 1622 distinguendam
559 1560 630 1606 csse
666 1540 791 1623 putavit
830 1539 1093 1623 significationem
1129 1540 1202 1606 sim·

92 1638 176 1721 plicis
195 1642 263 1719 τοί,
293 1658 377 1720 quae
398 1659 418 1702 a
440 1637 541 1704 dativi
563 1636 658 1704 ethici
688 1658 746 1702 usu
768 1657 833 1704 nou
862 1639 971 1721 procul
994 1640 1138 1720 abesset,
1170 1646 1203 1704 ct

93 1737 276 1819 compositae
298 1737 475 1822 particulae
498 1733 583 1823 ἤτοι,
605 1735 640 1800 in
655 1755 719 1818 qua
740 1735 905 1802 levissima
918 1744 973 1803 aut
994 1738 1085 1802 nulla
1107 1737 1202 1802 huius

92 1855 160 1899 usus
179 1833 314 1916 vestigia
337 1841 509 1900 exstarent.
544 1839 577 1899 at
599 1833 750 1916 quoniam
772 1833 883 1916 negari
906 1855 970 1900 non
993 1843 1099 1919 potest
1120 1854 1202 1900 com-

92 1933 269 2014 positionem
292 1933 520 2014 particularum
543 1919 565 2014 ἦ
587 1938 619 1996 et
640 1935 704 2008 τοί,
732 1932 759 1996 si
783 1931 911 2014 quidem
934 1939 983 1998 est
1004 1932 1202 2014 compositio,

92 2038 169 2094 certe
195 2051 320 2113 partun«
335 2029 458 2095 firmam
485 2049 571 2110 esse,
586 2079 588 2086 ,
601 2029 660 2093 illa
681 2028 919 2112 Naegelsbaehi
946 2028 1107 2096 distinctio
1136 2050 1202 2094 non

92 2135 149 2191 tam
176 2134 263 2194 certa
293 2135 358 2208 est,
391 2148 486 2211 quam
514 2127 584 2210 ipse
612 2127 723 2192 voluit.
773 2147 837 2210 qua
866 2126 906 2192 de
934 2147 1032 2194 causa
1063 2147 1105 2194 ne
1137 2146 1203 2192 eor-

93 2226 237 2292 rectiones
259 2225 389 2308 quidem
403 2227 574 2291 verborum
596 2224 795 2306 traditorum,
818 2244 898 2306 quas
915 2225 972 2290 ille
987 2225 1203 2308 compluribus

93 2323 163 2388 loeis
183 2323 366 2406 postulavit,
389 2343 431 2389 ne
452 2323 591 2406 simplex
604 2327 659 2387 τοί
680 2323 713 2386 in
735 2323 921 2389 narratione
942 2330 1129 2408 usurpatum
1151 2322 1203 2406 sit,

92 2423 216 2503 probari·
232 2427 378 2506 possunt.
416 2441 444 2488 e.
466 2442 496 2506 g.
520 2421 635 2486 affero:

139 2563 169 2621 K
189 2563 266 2624 316:
303 2553 341 2634 ὃς
366 2555 407 2642 δή
429 2579 484 2621 τοι
507 2551 600 2632 εἶδος
621 2556 682 2638 μὲν
706 2553 764 2642 ἔην
786 2553 899 2636 κακός,
926 2552 1009 2622 ἀλλὰ
1032 2555 1202 2643 ποδώκης,

93 2693 139 2757 uhi
161 2693 434 2777 Naegelsbachius
464 2687 498 2755 δ’
523 2687 598 2756 i'rot
626 2691 723 2756 scribi
751 2692 829 2756 vult.
851 2692 994 2778 ¹similes
1023 2700 1097 2758 sunt
1122 2692 1202 2758 loci:

93 2793 125 2852 X
144 2795 188 2857 12.
211 2793 242 2855 Ω
266 2795 337 2857 371.
361 2792 468 2854 vace.
498 2809 561 2854 uno
583 2795 692 2854 autem
714 2789 794 2871 loco,
818 2793 933 2874 elac,
956 2811 1027 2856 cum
1049 2791 1203 2872 Naegels-

92 2886 195 2954 haohio
216 2888 422 2956 scribendum
445 2895 507 2952 est:

201 3011 235 3074 οἳ
258 3004 293 3073 δ’
317 3003 394 3094 ἤτοι
416 3007 477 3088 μὲν
499 3012 634 3090 πρῶτον
658 3003 884 3093 ἐπειρήσαντο
906 3003 1081 3085 πόδεσσιν,

93 3127 230 3205 quoniam
251 3130 286 3192 in
309 3126 400 3192 libris
421 3147 518 3191 manu
540 3125 667 3209 scriptis
690 3125 735 3191 sie
758 3126 823 3196 (vel
847 3121 880 3188 δ’
898 3112 920 3211 ἦ
937 3126 1003 3202 τοι)
1026 3122 1151 3206 legitur,
1170 3123 1201 3189 si

93 3222 133 3288 La
156 3225 275 3292 Rochio
303 3224 384 3292 fides
411 3223 563 3290 habenda
591 3229 648 3290 est.
699 3223 818 3290 ceteris,
841 3223 920 3288 locis
949 3220 1099 3288 traditam
1128 3221 1202 3287 seri·

92 3327 204 3400 pturam
227 3321 268 3410 δή
292 3347 346 3388 τοι
368 3324 507 3413 retinere
528 3322 706 3388 maluerim,

167 3422 223 3488 scd
244 3423 327 3487 haec
349 3442 414 3487 una
436 3427 485 3486 est
506 3439 608 3502 eaque
630 3440 695 3484 non
717 3419 763 3483 ita
779 3417 887 3501 magni
909 3417 1061 3482 momenti
1075 3437 1137 3501 res,
1160 3416 1202 3483 dc

92 3534 147 3598 qua
167 3541 187 3584 a
210 3518 466 3602 Naegelshaehio
489 3518 686 3584 dissentiam.
730 3517 856 3599 reliqua
877 3515 1000 3596 omnia,
1034 3535 1116 3598 quae
1138 3516 1202 3589 ‹lis-

91 3618 196 3698 scmit,
231 3638 303 3684 cum
331 3616 428 3702 plane
459 3616 628 3700 probanda
661 3635 732 3682 esse
761 3614 841 3680 mihi
875 3612 1060 3694 videantur,
1094 3620 1202 3682 tamen

91 3709 185 3780 habco
213 3707 352 3800 aliquid,
385 3715 470 3798 quod
499 3712 627 3779 addam.
677 3712 793 3794 collegi
828 3712 913 3779 enim
940 3711 1019 3778 satis
1050 3731 1201 3794 magnum

93 3828 247 3878 numerum
269 3833 377 3880 eorum
400 3815 557 3893 locorum,
580 3811 695 3893 quibus
717 3810 882 3876 observari
903 3809 1019 3894 possit,
1042 3807 1201 3892 quomodo

95 3904 184 3973 dativi
212 3911 308 3976 ethici
328 3910 520 3994 significatio
549 3909 584 3974 in
605 3909 671 3974 vim
698 3908 876 3993 particulae
898 3905 1107 3974 affirmativae
1129 3926 1202 3973 seu·

95 4003 146 4068 sim
165 4009 339 4090 transierit,
362 4013 501 4091 (urorum
519 4012 671 4092 quattuor.
688 4007 759 4090 ipsc
779 4024 905 4090 quoque
926 4003 1202 4089 Naegelsbachius

140 4104 409 4159 Gonnussmcmnvn.
665 4145 673 4164 ,
967 4109 998 4158 ιο
