3020 4878
658 281 677 332 Q

227 380 261 434 de
277 383 467 450 pronominum
483 379 664 450 personalium
681 379 775 436 formis
792 382 820 434 et
837 395 889 434 usu
906 377 1059 438 HomerIeo.
1144 375 1202 436 151

171 553 311 620 eiusdem
327 575 403 620 usus
419 554 568 637 exempla
584 573 647 618 non
669 573 775 636 panea
792 553 889 619 etiam
904 551 991 635 apud
1014 551 1206 635 posteriores

97 657 197 735 poetas
219 653 336 736 epioos,
360 653 393 717 in
416 652 526 738 primis
548 652 634 737 apud
649 651 855 735 Apollonium
879 648 1046 732 Rhodium,
1068 657 1204 731 exstant,

96 769 169 832 quae
190 750 271 816 Max.
295 749 491 816 Schmidtius
514 751 534 814 l.
550 751 571 814 1.
595 769 626 833 p.
643 753 680 814 21
699 769 767 833 sqq.
790 748 929 830 eollegit.
960 754 993 814 et
1014 767 1206 831 quamquam

96 847 223 912 dubitari
252 869 317 912 non
346 853 469 931 potest,
503 848 579 930 quin
608 849 756 914 omnibus
785 848 850 916 iilis
874 849 1110 916 Homeriuorum
1139 865 1206 910 oar-

96 945 205 1010 minum
226 945 322 1021 loeis,
353 965 485 1028 quorum
508 965 612 1030 panea
633 947 783 1030 exempla
803 947 913 1028 attuli,
943 966 1001 1014 eae
1030 945 1206 1027 scripturae

95 1044 183 1110 etiam
208 1051 322 1110 eontra
344 1044 519 1110 Aristarohi
548 1045 769 1112 anctoritatem
799 1043 986 1129 probandae
1014 1045 1093 1125 sint,
1123 1061 1205 1125 quae

95 1142 288 1208 vetustiorem
318 1142 516 1224 pronominis
543 1141 687 1209 reflexivi
709 1162 800 1209 usum
822 1143 1015 1227 praebeant,
1040 1139 1205 1206 tamenin

95 1239 292 1305 numerandis
318 1241 475 1324 exemplis
504 1239 681 1306 Homeriois
713 1242 925 1308 eorrectiones
956 1238 1104 1323 quamvis
1135 1257 1206 1320 pro·

97 1337 211 1402 babiles
233 1338 386 1420 omittam,
409 1337 455 1404 ita
477 1345 512 1402 ut
533 1339 729 1421 pronominis
751 1339 925 1423 possessivi
941 1339 1034 1404 trium
1057 1355 1207 1420 persona·

95 1455 156 1499 rum
180 1437 353 1502 eommunis
374 1435 461 1521 apud
484 1437 655 1503 Homerum
678 1435 741 1502 duo
764 1443 885 1504 tantum
908 1435 972 1502 sint
994 1435 1153 1519 exempla.

172 1534 201 1600 b.
242 1534 351 1617 itaque
378 1555 450 1600 eum
479 1533 599 1600 iormae
634 1554 655 1600 a
683 1557 742 1600 osa
771 1536 871 1620 stirpe
900 1534 1064 1601 derivatae
1091 1531 1207 1598 tertiae

94 1651 242 1713 personae
264 1633 413 1716 propriae
434 1633 538 1700 iaotae
559 1639 677 1712 essent,
700 1632 890 1717 significatio
905 1633 1038 1698 mansit:
1062 1631 1111 1709 „is
1124 1629 1206 1714 ipse,

95 1729 156 1794 eius
177 1730 297 1814 ipsius“
319 1737 379 1796 ete.
431 1749 514 1814 quae
544 1751 736 1814 quamquam
765 1731 982 1798 vetustissima
1008 1730 1072 1795 iam
1100 1733 1207 1796 aetate

95 1828 204 1892 sensim
226 1829 272 1894 ita
292 1834 461 1894 attenuata
483 1835 546 1910 est,
570 1835 605 1894 ut
627 1830 676 1894 vis
698 1829 810 1911 „ipse“
831 1829 1028 1912 pronominis
1050 1828 1153 1910 magis
1176 1834 1208 1893 et

94 1925 189 2007 magis
210 1933 432 2007 evaneseeret,
456 1933 564 1994 tamen
586 1925 674 2012 apud
696 1927 869 1993 Homerum
891 1925 1106 2012 eompluribus
1127 1925 1207 1990 loeis

94 2029 208 2088 tantam
222 2024 287 2089 rim
303 2025 454 2106 servavit,
470 2031 506 2090 ut
520 2025 714 2091 sententiam
733 2023 874 2092 eitioeret
889 2025 919 2090 ei
928 2036 1071 2108 'prorsus
1085 2041 1206 2107 parem,

95 2122 215 2202 quaein
230 2123 337 2188 Attiou
352 2143 498 2190 sermone
512 2123 700 2207 exprimitur
721 2123 910 2206 pronomine
931 2122 1107 2205 oomposito
1128 2119 1207 2186 ἑαυ-

94 2225 147 2282 τοῦ
161 2226 218 2284 oto.
254 2219 318 2286 duo
339 2228 445 2287 autem
465 2228 541 2287 sunt
555 2219 699 2288 reflexivi
715 2242 790 2288 usur
805 2241 941 2304 genera:
964 2241 1071 2300 unum,
1093 2219 1126 2282 in
1142 2237 1204 2300 quo

94 2335 260 2397 pronomen
283 2317 482 2384 referendum
506 2318 548 2384 sit
569 2318 612 2384 ad
641 2319 819 2386 subiectum
841 2319 984 2386 eiusdem
1008 2317 1203 2400 sententiae3

94 2414 235 2498 alterum,
259 2416 292 2481 in
315 2435 378 2499 qno
400 2416 575 2501 hypotoxis
596 2416 642 2482 ita
663 2419 788 2499 valeat,
818 2424 853 2483 ut
880 2418 1040 2484 sententia
1062 2415 1206 2484 subordi-

94 2519 165 2578 nata
192 2534 232 2579 ex
259 2515 368 2580 animo
396 2514 465 2580 eius
494 2515 731 2597 pronuntietur,
764 2516 818 2599 qui
846 2516 880 2582 in
909 2517 1070 2583 sententia
1097 2533 1205 2598 super-

95 2609 233 2676 ordinata
254 2612 389 2680 subiecti
410 2613 515 2676 iocum
538 2619 656 2680 teneat.
700 2611 807 2681 dioere
828 2614 923 2696 igitur
944 2634 1112 2698 possumus
1133 2632 1205 2696 pro-

95 2714 248 2778 nominum
258 2709 584 2778 reflexivorumusum
600 2709 754 2777 directum
770 2720 803 2778 et
816 2711 1015 2777 indirectum.
1042 2713 1205 2794 utriusque

96 2814 242 2895 exempla,
266 2807 373 2892 quoad
394 2829 446 2874 me
469 2829 532 2875 non
555 2809 714 2893 fugerunt,
736 2810 801 2876 iam
823 2809 977 2876 allatarus
998 2810 1119 2884 sum²¹).

170 2933 201 2974 α.
237 2907 280 2974 ad
303 2905 446 2974 eiusdem
469 2908 564 2990 igitur
585 2908 767 2976 sententiae
788 2907 965 2974 subieetum
992 2907 1113 2972 formae
1134 2927 1206 2990 pro-

95 3007 222 3074 nominis
243 3006 357 3072 tertiae
378 3023 537 3088 personae
558 3005 737 3072 referuntur
759 3010 797 3071 61
821 3005 916 3086 loeis,
943 3025 1076 3087 quornm
1098 3009 1138 3068 45
1160 3006 1206 3070 ita

96 3113 160 3170 sunt
180 3104 373 3189 comparati,
402 3109 437 3167 ut
458 3099 559 3180 αὐτός
587 3123 763 3187 pronomen
791 3102 1050 3186 epitagmatioum
1072 3121 1136 3167 non
1165 3103 1206 3169 sit

94 3201 279 3270 admotum.

97 3297 244 3368 idireete
265 3298 452 3368 reflexivum
474 3303 524 3364 est
546 3301 565 3362 5
587 3298 676 3364 loeis.

134 3395 217 3486 ἀμφὶ
239 3402 255 3466 ἓ
277 3394 468 3484 παπτήνας,
491 3399 524 3461 Δ
544 3399 615 3462 497.
643 3398 671 3462 O
695 3400 766 3460 574.

157 3597 187 3658 ²¹t
209 3597 276 3652 haec
300 3602 356 3651 tam
374 3599 502 3650 adcurate
518 3593 638 3648 nondum
660 3598 725 3648 sunt
741 3591 865 3647 consona.
906 3591 1007 3646 tabulis
1031 3592 1114 3658 enim,
1139 3608 1206 3661 quas

99 3674 269 3734 Windisohius
287 3676 374 3744 (Stud.
392 3676 427 3741 11,
444 3692 490 3746 pp.
500 3679 547 3728 331
561 3690 600 3744 sq.
619 3678 668 3731 338
679 3677 730 3743 sq.)
749 3673 896 3728 seeundum
912 3672 1079 3741 Kruegerum
1095 3673 1206 3742 (griech.

100 3755 261 3824 spachin,
280 3760 306 3827 ἦ.
326 3762 369 3823 51)
395 3755 548 3826 proposuit,
576 3771 638 3810 oum
654 3769 755 3824 panea,
781 3769 851 3824 quae
868 3753 979 3808 minoris
1002 3753 1129 3808 momenti
1145 3769 1208 3809 essa

102 3838 219 3906 concedo,
244 3838 368 3908 exempla
390 3832 501 3903 desunt,
528 3843 586 3890 tum
602 3836 769 3906 hypotaxeos
786 3833 862 3888 nulla
877 3832 972 3902 habita
989 3838 1031 3890 eat
1047 3834 1131 3901 ratio,
1158 3835 1206 3890 sed

102 3918 179 3972 omniu
194 3917 312 3974 reflexivi
328 3935 395 3974 usur
413 3917 546 3988 exempla,
573 3919 642 3986 quae
663 3915 691 3970 in
713 3913 855 3971 sententiis
880 3915 1064 3971 subordinatis
1088 3918 1204 3980 exstant,

102 4013 201 4066 prorsus
216 4001 316 4058 omissa
331 4003 405 4055 sunt.
