3020 4878
209 391 243 447 de
260 390 448 464 pronominum
465 389 648 460 personalium
664 387 758 443 lormis
777 391 804 442 et
825 402 878 442 usu
895 383 1047 442 Homerico.
1127 383 1185 444 lll

69 583 105 631 ex
136 560 182 628 νῶ
211 561 325 631 addita
357 561 518 646 cuccoli,
552 579 636 646 quae
665 553 949 630 demonstrativam
981 557 1047 625 vim
1078 555 1187 640 habet,

68 661 180 729 iactum
202 667 252 728 est
274 666 365 740 νῶϊ,
394 657 480 744 quod
512 661 549 726 18
571 658 650 726 loeis
683 661 725 738 (E
745 661 818 724 224.
851 660 922 722 litia
955 659 985 721 Θ
1008 657 1081 722 377.
1115 657 1188 722 428.

69 764 103 822 A
126 760 197 822 135.
221 763 256 822 N
276 761 327 826 68.
348 758 381 830 Ξ
395 761 468 824 333.
492 759 564 823 344.
587 758 700 825 Pate.
723 757 795 822 489.
819 759 891 820 505.
917 759 948 818 Φ
963 756 1036 820 451.
1058 754 1186 818 Χι216.

70 859 136 922 ala.
169 858 286 940 yses.
319 879 348 920 a
370 859 442 922 aee.
475 881 494 920 v
518 861 568 920 so.
603 857 675 932 seo)
697 853 823 940 legitur.
870 850 984 920 eaden
1013 855 1111 928 (νον)
1141 857 1190 920 est

68 953 165 1020 forma
193 951 384 1018 nominativi
413 952 491 1018 satis
515 952 635 1020 imitata
663 953 716 1030 (33
739 949 841 1028 locis).
885 969 948 1016 uno
971 949 1042 1015 loeo
1065 952 1116 1026 (ll
1133 950 1188 1022 99)

70 1055 170 1118 cusat
192 1049 411 1117 nominativus
433 1055 549 1130 νῶϊν,
571 1049 613 1116 de
634 1069 697 1134 quo
719 1049 853 1116 multum
868 1048 953 1114 inter
969 1046 1056 1114 viros
1078 1043 1190 1112 doctos

70 1155 219 1218 certatum
241 1154 300 1228 ost,
322 1167 394 1214 cum
415 1147 472 1214 alii
494 1147 684 1214 scholiastae
701 1146 817 1232 optimi
838 1143 957 1211 codicis
973 1143 1089 1210 Veneti
1111 1142 1191 1210 alio·

70 1265 197 1330 rumque
219 1245 320 1314 secuti
342 1243 485 1313 dativum
507 1242 801 1330 interpretarentur,
824 1243 897 1325 alii,
920 1247 956 1308 ut
975 1241 1190 1310 Buttmanuus

69 1343 100 1410 iu
125 1343 283 1426 Lexil.1,
315 1363 347 1428 p.
373 1347 430 1426 53,
463 1342 653 1410 conterent:
690 1348 753 1407 νῶϊ
788 1337 821 1408 δ’
853 1339 996 1424 ἐκδῦμεν
1032 1333 1227 1421 &iudaeae

70 1462 129 1510 non
158 1448 269 1508 tamen
298 1439 522 1524 ostenderent,
556 1437 715 1524 quomodo
743 1438 911 1526 productio
939 1437 1062 1504 vocalis
1085 1460 1097 1500 ι
1121 1434 1191 1509 fieri

70 1546 182 1623 posset.
240 1537 320 1604 mihi
362 1538 478 1606 rectius
520 1536 648 1608 uidetur
690 1537 770 1618 νῶον
807 1535 1040 1605 nominativum
1076 1540 1190 1619 potare

70 1643 192 1705 auctum
217 1661 235 1702 ν
257 1636 363 1704 nasali
391 1635 527 1704 formose
555 1643 613 1720 per
642 1654 779 1702 errorem
810 1633 996 1719 posterioris
1025 1631 1190 1700 cuiusdam

70 1735 219 1816 podtac⁸t
242 1769 285 1780 -
307 1733 407 1801 dativi
430 1739 462 1800 et
482 1731 625 1816 genetivi
646 1732 749 1804 forma
771 1739 820 1799 est
842 1739 956 1810 νῶϊν,
978 1731 1064 1798 iacta
1086 1729 1192 1798 termi-

71 1832 196 1898 natione
217 1854 289 1917 φιν.
323 1829 423 1899 dativi
445 1830 532 1914 apud
555 1830 728 1898 Homerum
751 1833 792 1896 22
814 1836 889 1897 suut
912 1829 1072 1912 exempla,
1094 1846 1192 1912 geue·

71 1929 124 1994 tivi
143 1949 258 2012 unum,
1237 1941 1241 1950 ·

109 2051 146 2110 X
166 2049 221 2116 88:
244 2043 320 2112 οὐδ’
344 2043 465 2128 ἄλοχος
487 2043 702 2130 πολύδωρος·
728 2043 855 2112 ἄνευθε
880 2045 917 2112 δέ
941 2067 979 2112 oe
1002 2050 1089 2129 μέγα
1110 2049 1191 2109 νῶϊν

242 2141 402 2230 Ἀργείων
425 2142 518 2228 παρὰ
541 2144 639 2230 envoi
662 2141 759 2220 κύνες
780 2149 898 2226 ταχέες
921 2141 1129 2210 κατέδονται.

74 2269 262 2329 contractam
284 2263 419 2351 formam
443 2267 508 2347 νῶν
531 2261 690 2330 Homerus
713 2263 857 2330 nondum
878 2263 986 2330 habet.

151 2360 220 2426 VII.
279 2359 492 2427 Secundae
528 2367 560 2428 et
603 2360 755 2428 tertiae
799 2381 1000 2446 personae
1036 2362 1192 2428 numeri

75 2457 204 2525 dualis
246 2458 369 2524 formae
405 2457 589 2548 simillimae
625 2465 716 2542 sunt,
759 2478 830 2525 cum
867 2465 1021 2543 utraeque
1059 2459 1189 2544 stirpem

74 2671 206 2727 Bcldrcrus
225 2671 323 2727 ddnde
338 2667 442 2740 primus
460 2671 507 2726 illo
529 2671 589 2726 loco
608 2671 663 2724 νῶϊ
682 2672 710 2726 in
732 2675 835 2728 textum
853 2673 964 2742 recepit.
1000 2677 1028 2726 at
1046 2674 1127 2728 etiam
1146 2690 1192 2728 oo·

75 2753 143 2808 dices
158 2753 285 2808 videntur
301 2753 373 2808 hano
390 2751 505 2806 formam
521 2753 630 2818 habere,
651 2753 675 2809 si
692 2767 725 2808 ex
742 2753 785 2808 La
801 2751 889 2828 Rechl
906 2753 1013 2809 silentio
1031 2754 1084 2809 hcc
1103 2753 1193 2822 colligi

75 2832 141 2888 licet

138 2915 158 2980 ⁶)
174 2913 207 2970 dc
222 2913 270 2969 illo
287 2912 380 2970 Iliadis
397 2915 459 2970 looc
476 2914 608 2970 nonnulla
625 2913 691 2970 satis
708 2912 829 2968 absurda
845 2913 952 2982 prolata
970 2919 1042 2970 sunt.
1073 2915 1192 2972 schede-

76 3009 130 3051 rum
152 2995 257 3063 quidem
280 2993 487 3062 explicationem
511 2992 588 3064 (isio
606 2993 635 3047 δὲ
658 2994 766 3062 γένοιτο
791 2991 902 3046 ἐκδῦναι
920 2993 969 3048 τὸν
992 2991 1120 3066 ὄλεθρον·
1147 3001 1194 3048 καὶ

77 3073 199 3128 λείπειτὸ
218 3071 269 3141 εἴη)
293 3073 545 3132 ardiciosissimam
569 3090 629 3132 csse
647 3080 673 3129 et
690 3071 834 3132 Homerico
855 3075 948 3144 generi
966 3073 1072 3132 dicendi
1095 3091 1193 3146 parum

78 3155 298 3211 accommodatam
314 3158 399 3224 patet,
417 3171 478 3210 cum
494 3156 578 3210 verba
595 3155 664 3210 sint:

222 3253 252 3308 αἲ
268 3255 334 3326 γάρ,
354 3259 406 3309 Ζεῦ
424 3273 453 3310 τε
470 3255 556 3332 πάτερ
574 3255 620 3309 καὶ
637 3251 764 3320 Ἀθηναῖοι
782 3253 828 3308 καὶ
840 3251 978 3320 Ἄπολλον,

219 3336 290 3408 μήτε
304 3355 346 3394 τις
363 3327 414 3390 οὖν
432 3335 536 3405 Τρῶων
553 3335 679 3390 θάνατον
697 3335 794 3406 peyna,
818 3335 898 3390 iocos
915 3335 1003 3396 ἔασιν,

219 3416 292 3486 μήτε
310 3436 350 3475 τις
365 3415 506 3506 Ἀργείων,
527 3421 596 3471 νῶϊν
615 3414 643 3470 δ’
664 3415 777 3488 ἐκδῦμεν
795 3413 919 3488 ὄλεθρον.

80 3517 156 3574 multo
178 3519 326 3589 simplicius
348 3526 390 3574 est
413 3518 527 3588 ἐκδῦμεν
549 3519 698 3588 optativum
720 3518 843 3574 iudicare
860 3525 888 3574 ct
904 3519 972 3570 νῶϊν
989 3517 1193 3580 nominativum.

81 3611 136 3650 nam
160 3598 300 3667 Spitanero
332 3615 388 3655 non
419 3599 499 3656 facile
525 3599 666 3670 pruisquam
694 3599 872 3665 assentietur,
905 3599 951 3669 qui
980 3602 1125 3669 postquam
1152 3617 1194 3655 vv.

83 3679 105 3726 ll
119 3681 229 3733 97-100
248 3679 357 3750 spurios
374 3695 435 3736 asse
451 3679 654 3746 demonstrauit,
672 3679 751 3735 dicit:
776 3680 845 3743 „hoc
862 3685 1006 3750 perspecto
1023 3685 1052 3734 ct
1069 3695 1193 3752 compro-

82 3755 146 3826 hae,
161 3760 224 3828 pois
240 3761 270 3814 in
287 3759 402 3830 singulis
420 3759 618 3818 constituendis
636 3773 758 3830 sequare,
782 3775 880 3830 param
898 3761 1037 3815 interest.“
1063 3763 1093 3816 at
1113 3761 1196 3816 otissa

84 3837 173 3898 silllos
189 3857 283 3900 rmus
302 3842 409 3912 spurios
427 3856 488 3896 osse
504 3841 669 3908 iudicamus,
695 3847 786 3898 tamen
804 3841 883 3897 nobb
901 3840 1064 3896 studendum
1081 3846 1137 3906 cst,
1163 3844 1196 3896 ut

83 3918 265 3994 intellegamus,
283 3921 539 3992 antuerpenses
551 3922 674 3978 soluerit.
701 3922 748 3990 qui
761 3921 814 3978 hoc
829 3923 891 3979 loco
907 3921 1194 3979 saracenatorum

83 3999 218 4060 simillimas
234 4001 425 4074 permiscuisse
442 4000 554 4058 uidetur.
