3020 4878
1009 141 1028 187 1

220 421 253 476 de
270 423 457 490 pronominum
476 421 655 492 personalium
673 421 765 476 formis
783 428 811 474 et
828 437 880 476 usu
897 419 1049 476 Homerico.
1133 413 1191 476 143

91 595 236 661 secundae
257 613 416 677 personae
436 613 478 658 an
501 595 678 678 particulae
699 609 832 658 munere
853 593 1011 676 iungatur.
1055 593 1100 660 ito

90 733 105 794 l
124 735 178 796 251
193 750 256 812 sq.:
278 736 334 794 νῦν
346 729 384 793 δ’
402 729 497 812 ἔρχευ
514 728 601 812 πρὸς
618 729 713 810 δῶμα
728 729 785 794 καὶ
801 727 894 808 Ιιὀχεο
910 725 992 815 μηδ’
1007 726 1191 814 ὀνομήνῃς·

277 825 382 910 αὐτὰρ
406 826 470 910 ἐγώ
492 833 546 892 τοί
568 826 639 908 εἰμι
659 823 863 891 Ποσειδάων
886 825 1084 928 ε’νυσίχθανν.

134 972 160 1012 π
184 951 254 1013 187:
278 941 318 1010 οὔ
339 950 391 1023 τίς
412 971 466 1012 τοι
481 944 566 1024 θεός
589 945 674 1026 εἰμι·
697 949 731 1008 τί
744 939 782 1026 μ’
801 940 1171 1022 ἀθανάτοισινὲΐοκειςς

88 1085 221 1150 similiter
248 1089 282 1145 N
300 1085 372 1149 770.
402 1087 474 1146 772.
508 1087 542 1146 Ψ
561 1087 633 1148 315.
678 1080 804 1163 plurimi
834 1088 941 1146 autem
969 1081 1046 1160 loci,
1077 1081 1192 1163 quibus

88 1185 135 1245 ιοί
161 1181 314 1264 particula
336 1181 422 1264 apud
444 1181 616 1246 Homerum
639 1179 764 1261 legitor,
794 1178 1026 1244 dubitationem
1049 1199 1114 1244 nou
1136 1178 1191 1244 ad-

88 1281 211 1343 mittunt.
247 1279 298 1344 his
320 1278 415 1361 igitur
437 1280 584 1344 omnibus
606 1277 879 1359 Naegelsbachius
902 1276 1011 1342 vertit:
1034 1278 1121 1360 „sag’
1139 1277 1190 1342 iclr

88 1377 158 1457 diri,
186 1383 217 1442 et
242 1377 366 1442 varium
394 1377 488 1442 huius
515 1374 745 1444 enuntiationis
773 1394 865 1440 usum
893 1393 952 1458 per
980 1373 1043 1438 duo
1071 1394 1191 1456 genera

88 1473 241 1539 distribuit.
286 1495 360 1538 nam
384 1495 454 1539 cum
477 1472 629 1558 perpauci
652 1473 715 1537 sint
742 1472 819 1553 loci,
852 1472 967 1552 quibus
982 1461 1044 1535 ’τοί
1069 1473 1190 1536 nonin

70 1555 283 1676 ‘describendo
307 1573 413 1654 aliquo
436 1571 593 1654 colloquio
601 1572 644 1649 ¹⁸),
672 1569 783 1634 sedin
806 1571 878 1652 ipsa
900 1571 1083 1635 narratione
1103 1573 1216 1635 usur?

87 1676 182 1752 potor,
217 1669 408 1734 affirmativa
431 1670 533 1735 ‘huius
564 1667 742 1752 particulae
768 1668 817 1732 vis
845 1673 901 1731 aut
928 1667 971 1732 ad
1007 1668 1190 1749 loquentem

87 1774 196 1850 spectat
217 1774 272 1831 aut
294 1767 335 1831 ad
358 1767 552 1832 audientem.
596 1783 712 1847 nempe
734 1764 894 1856 sententia
915 1765 1024 1847 alique
1045 1770 1099 1830 τοί
1120 1785 1190 1850 par-

86 1864 171 1930 ticula
198 1864 309 1935 addita
338 1864 512 1930 affirmatur
544 1863 633 1944 ideo,
667 1861 768 1943 quod,
803 1880 886 1943 quoe
913 1882 952 1928 ea
979 1864 1191 1946 continentur,

87 1963 215 2027 audienti
243 1963 330 2028 cordi
361 1969 415 2027 aut
443 1968 535 2046 putat
562 1961 666 2026 lutura
696 1979 766 2026 esse
795 1960 838 2040 is,
872 1960 924 2041 qui
954 1960 1102 2042 loquitur,
1137 1969 1192 2026 aut

86 2079 147 2125 ease
166 2062 258 2144 cupit.

158 2159 188 2222 in
230 2156 346 2240 prioris
381 2157 476 2238 igitur
518 2155 645 2238 generis
681 2155 840 2237 exemplis
876 2175 896 2220 a
933 2155 1189 2238 Naegelsbaohio

85 2257 206 2336 primum
229 2275 268 2320 ea
291 2261 530 2336 enumerantur,
553 2252 723 2334 inquibus
746 2253 854 2318 solacii
882 2251 1045 2318 cuiusdam
1068 2255 1191 2338 signifi·

86 2355 157 2418 catio
177 2353 260 2432 insit,
285 2361 320 2416 ut

104 2511 124 2563 c¹
135 2493 190 2554 233
206 2510 268 2571 sq.:
297 2485 335 2552 οὐ
358 2493 419 2569 μέν
442 2510 496 2550 τοι
519 2487 628 2566 ξείνου
652 2509 688 2569 γε
713 2487 769 2550 καὶ
784 2482 869 2568 Ἴρου
891 2488 1003 2572 μῶλος
1025 2481 1151 2574 ἐτύχθη

294 2583 494 2672 μνηστήρων
517 2582 635 2669 ἰότητι,
657 2588 715 2670 βίῃ
741 2581 774 2647 d’
800 2581 819 2647 ὅ
840 2609 877 2669 ye
900 2591 1065 2672 φέρτερος
1088 2577 1155 2674 ἦεν,

86 2739 156 2799 quac
176 2701 387 2788 Telemachus
410 2721 503 2784 matri
534 2719 624 2802 dicit,
654 2728 689 2784 ut
713 2741 806 2786 curas
829 2721 912 2802 eius,
941 2741 1024 2803 quae
1051 2731 1126 2788 sunt
1149 2724 1189 2790 de

86 2815 310 2902 Uiminacium,
335 2820 436 2884 tollat.
481 2818 625 2883 similiter
647 2819 770 2882 Teucer
794 2820 1025 2901 Agamemnoni
1049 2819 1126 2885 dicit

89 2954 274 3039 &293sqq.:
289 2953 441 3042 Ἀτρείδη
466 2951 611 3031 κύδιστε,
633 2957 669 3018 τί
689 2978 730 3034 με
755 2951 944 3019 σπεύδοντα
966 2955 1023 3018 καὶ
1045 2951 1145 3020 αὐτὸν

297 3051 465 3136 ὀιρύνεις,·
489 3048 525 3116 οὐ
548 3057 695 3132 μέντοι,
719 3047 780 3138 ὅση
806 3049 945 3137 δύναμίς
960 3075 997 3135 γε
1014 3049 1187 3136 πάρεστιν,

294 3149 457 3232 παύομαι.

88 3234 272 3248 Ἢ

145 3319 173 3380 ¹⁸l
189 3319 241 3372 hoc
259 3318 422 3387 colloquium
440 3323 466 3370 et
482 3318 554 3372 inter
571 3317 638 3370 duos
657 3320 684 3370 et
701 3318 771 3370 inter
787 3316 879 3385 plures
897 3331 956 3370 esse
973 3322 1070 3384 potest.
1099 3317 1189 3385 singu-

86 3391 156 3450 larem
173 3400 242 3452 enim
259 3399 341 3452 dativi
358 3397 471 3452 formam
488 3398 614 3466 usurpari
628 3397 713 3470 etiam
730 3397 764 3450 iis
781 3397 857 3460 locis,
876 3397 972 3466 quibus
986 3397 1021 3450 ad
1038 3398 1189 3468 complures

86 3476 155 3531 rerba
171 3479 249 3546 liant,
277 3479 369 3533 mirari
386 3494 440 3532 non
458 3495 609 3548 possumus.
645 3484 673 3532 et
689 3477 918 3546 Naegelsbachius
936 3479 963 3530 in
984 3477 1189 3534 adnotationum

88 3557 178 3615 liertiae
195 3560 328 3624 editionis)
345 3575 392 3628 pp.
410 3563 460 3613 436
471 3575 510 3628 sq.
530 3557 636 3626 collegit
652 3559 783 3614 nonnulla
801 3559 893 3613 similis
911 3575 977 3614 usus
996 3560 1131 3629 exempla,
1160 3567 1190 3616 ut

142 3666 222 3728 7475
233 3679 286 3730 sq.:
305 3661 400 3716 παῖδες
418 3658 487 3730 ἐμαί,
506 3657 554 3728 ἄγε
573 3657 721 3731 ΤηΆεμάχῳ
739 3660 909 3728 καλλίτριχας
926 3656 1024 3718 ἵππους

307 3737 423 3804 ζεόξατ’,

88 3839 127 3892 nbi
143 3837 185 3907 ἆγε
202 3843 236 3898 ad
254 3841 405 3912 complures
423 3840 534 3910 dicitur,
550 3849 577 3897 et
595 3843 677 3913 Soph.
695 3843 793 3897 Trach.
813 3848 862 3898 812
882 3843 970 3908 (Dind.
989 3849 1050 3912 821)
1068 3861 1119 3914 sq.:

344 3941 381 3996 ἴδ’
403 3933 470 4005 οἷον,
491 3943 512 3996 ὠ
530 3945 634 4004 παῖδες,
653 3947 817 4016 προσέμιξεν
834 3941 913 4014 ἄφαρ

344 4022 444 4084 τοῦπος
461 4024 491 4078 τὸ
513 4025 672 4095 θεοπρόπον
691 4024 755 4097 ἡμῖν
772 4028 826 4079 κτλ.
887 4065 898 4081 ,
