3020 4878
221 413 254 468 de
271 415 458 484 pronominum
476 415 659 485 personalium
674 414 768 470 formis
787 419 814 468 ct
831 431 882 470 usu
900 413 1052 468 Homerico.
1136 411 1196 470 147

89 607 147 652 rem
167 587 212 654 ita
232 586 395 667 mactabo,
418 592 453 652 ut
475 607 496 652 a
518 595 604 653 certa
625 587 735 669 aliqua
757 585 799 654 de
819 583 948 653 illarum
970 587 1113 670 stirpium
1136 587 1196 652 ori-

88 687 154 769 gine
174 695 205 752 ct
226 683 458 767 significatione
484 686 637 768 primaria
665 686 825 770 profectus
853 687 1014 752 sententia
1036 685 1195 750 Homerici

19 838 21 846 ,
88 805 154 849 usus
176 785 279 850 varios
300 783 414 849 modos
436 783 615 849 describam
631 785 811 866 omniaque,
835 802 917 865 quae
939 783 1025 867 apud
1048 802 1120 849 eum
1143 803 1195 848 ex·

88 890 171 965 stent,
192 881 342 964 exempla
363 901 491 965 percos
506 880 706 946 distribuam.
740 887 771 946 et
793 881 919 946 initium
934 881 1065 964 quidem
1080 879 1194 945 faciam

88 1002 179 1046 acra
201 981 310 1064 stirpe.

563 1152 590 1211 l.
636 1170 716 1213 cra.
837 1183 840 1190 .

163 1303 320 1386 duplicem
349 1302 444 1366 buius
473 1300 581 1383 stirpis
615 1299 879 1383 significationem
909 1301 1089 1386 Boppius
1118 1302 1196 1384 (vgl.

88 1400 214 1464 Gramm.
231 1400 274 1483 ΙΙ,
302 1403 373 1476 128)
396 1400 441 1464 ita
463 1398 626 1481 explicare
641 1399 770 1481 studuit,
794 1407 828 1464 ut
849 1398 1131 1466 demonstrativam
1154 1419 1196 1466 ex

87 1497 227 1594 reflexiva
248 1506 350 1564 ortam
374 1517 445 1564 esse
466 1503 602 1579 putaret,
625 1498 715 1562 cuius
736 1499 923 1564 mutationis
945 1499 1127 1581 exemplum
1150 1505 1197 1562 at·

87 1597 149 1660 tulit
169 1597 304 1662 Latinae
325 1597 455 1678 linguae
477 1593 666 1660 adverbium
688 1597 757 1674 ι’ί-ο,
780 1595 864 1677 quod
888 1617 928 1662 ex
950 1597 1087 1662 locativo
1109 1596 1197 1661 illius
1244 1617 1252 1632 ·

88 1694 182 1776 stirpis
210 1693 399 1759 consonanti
429 1714 445 1752 c
473 1691 728 1757 demonstrativa
764 1701 862 1770 aucto,
894 1702 996 1758 ortum
1026 1701 1119 1760 esset.
1163 1700 1197 1758 at

87 1792 170 1856 buius
192 1791 336 1857 adverbii
359 1790 408 1854 vis
431 1788 684 1854 demonstrativa
714 1810 784 1856 cum
813 1798 903 1857 tauta
925 1792 981 1874 sit,
1014 1799 1134 1873 quanta
1163 1794 1195 1856 in

87 1911 134 1950 cco
153 1891 248 1974 stirpe
269 1906 442 1969 numquam
464 1888 580 1968 furit),
608 1889 724 1954 rectius
745 1891 791 1950 sic
819 1910 839 1954 a
859 1911 895 1952 aa
920 1891 1037 1972 stirpe,
1073 1889 1196 1956 Graece

89 1981 118 2062 ὁ,
149 1987 325 2052 derivatum
354 2004 425 2050 esse
456 1993 586 2069 putatur
613 1983 664 2057 (ci.
688 1983 830 2068 Curtius,
863 1985 1096 2071 ardagasti).
1146 2007 1196 2052 ac-

89 2085 164 2148 cedit
177 2093 282 2150 autem
296 2084 447 2161 maxima,
471 2102 567 2164 quam
583 2082 687 2165 Boppi
702 2085 862 2150 sententie
884 2085 992 2164 babet,
1016 2083 1195 2165 difficultas,

90 2183 164 2261 quod
185 2182 328 2264 intellegi
343 2202 407 2246 non
430 2187 546 2263 potest,
569 2200 632 2262 quo
654 2179 749 2244 modo
771 2181 925 2247 reflexiva
939 2181 1073 2248 alicuius
1088 2183 1197 2265 stirpis

89 2279 131 2343 vis
156 2281 185 2344 in
213 2278 495 2344 demonstrativam
524 2277 661 2342 transire
690 2279 837 2361 potuerit.
882 2279 942 2363 hoc
971 2279 1099 2361 quidem
1128 2281 1197 2347 sino

90 2375 175 2443 dubio
196 2376 435 2443 concedendum
458 2381 523 2454 est,
553 2382 728 2440 ceterarum
755 2377 936 2460 linguarum
958 2377 1198 2461 indagormani-

90 2493 184 2540 carum
197 2497 297 2560 usum
319 2475 417 2540 talem
440 2492 521 2551 esse,
545 2480 579 2537 ut
601 2478 656 2538 eut
678 2493 808 2556 prorsus
830 2475 1000 2544 reflexivus
1019 2477 1060 2542 sit
1082 2475 1197 2558 (qualis

90 2580 131 2636 est
150 2573 181 2638 in
202 2573 329 2654 Latina,
353 2569 569 2650 Germanicis,
594 2571 729 2638 Slaviois
751 2573 882 2656 linguis)
907 2581 963 2640 aut
984 2576 1114 2659 propius
1135 2575 1197 2641 sal·

90 2675 144 2734 tem
170 2670 294 2737 absita
322 2670 474 2737 reflexivo
502 2688 597 2750 quam
619 2689 639 2734 a
661 2669 911 2746 demonstrativo
944 2677 991 2748 (ut
1017 2672 1051 2736 in
1078 2672 1197 2756 linguis

90 2765 239 2834 Senserita
261 2776 293 2832 et
307 2768 470 2843 Zeudica).
500 2766 558 2834 sed
572 2767 633 2832 hoc
648 2774 835 2850 argumento
857 2790 922 2834 non
937 2769 984 2834 ita
997 2771 1043 2834 uti
1062 2777 1195 2852 oportet,

89 2871 118 2928 ut
139 2867 275 2951 Boppius
304 2887 380 2931 usus
408 2872 457 2930 est
485 2883 619 2948 eumque
648 2870 775 2930 secutus
802 2865 901 2931 Max.
927 2867 1195 2950 Schmidtius,

90 2965 134 3044 qui
164 2967 196 3030 iu
231 2962 531 3044 ,commentationis
564 2961 604 3028 de
640 2963 828 3045 pronomine
861 2964 983 3031 Graeco
1014 2971 1048 3030 et
1080 2965 1195 3030 Latino

89 3059 180 3148 (Halis
205 3066 318 3141 1832ss
341 3083 395 3145 pp.
421 3063 543 3126 ιιι-27
567 3079 638 3126 eam
661 3061 809 3143 exposuit
830 3063 1039 3141 sententiam,
1068 3068 1104 3128 ut
1124 3084 1196 3145 pro·

89 3179 192 3226 nomen
219 3160 393 3245 personale
414 3158 529 3224 tertiae
552 3177 709 3240 personae
730 3158 763 3222 in
787 3158 911 3226 Graeca
931 3160 1043 3242 lingua
1067 3181 1196 3244 prorsus

88 3255 287 3339 interciderit,
315 3259 511 3340 reciprocum
534 3262 656 3337 autem,
687 3257 772 3339 quod
800 3265 910 3340 vocat,
938 3277 1116 3342 pronomen
1144 3252 1194 3339 οὗ,

89 3351 125 3432 οῖ,
146 3354 162 3423 ἕ
182 3363 241 3422 eto.
284 3353 446 3420 interdum
473 3354 519 3420 ita
546 3354 588 3420 sit
610 3363 809 3438 usurpatum,
843 3362 878 3419 ut
906 3376 992 3433 ,non
1013 3356 1056 3421 ad
1078 3377 1211 3422 nomen-

89 3453 270 3535 proximom,
301 3451 359 3518 sed
387 3451 430 3518 ad
460 3452 547 3518 aliud
576 3472 694 3518 nomen
721 3454 890 3533 celeratur,
924 3453 1010 3534 quod
1041 3454 1074 3517 in
1108 3461 1196 3522 ante·

90 3549 262 3618 orientibus
295 3550 338 3615 sit
369 3558 649 3616 commemoratum
657 3555 680 3614 ‘t
725 3552 817 3616 huius
850 3558 957 3616 autem
990 3571 1065 3619 usus
1096 3572 1195 3618 unum

90 3645 271 3730 Schmidtius
286 3652 338 3731 ip.
361 3648 414 3730 27)
436 3648 530 3714 affert
551 3649 743 3732 exemplum,

91 3753 277 3795 -v-n-

150 3861 179 3944 ¹il
198 3873 266 3918 'nam
289 3862 324 3916 ab
346 3861 398 3916 hac
421 3862 506 3932 stirpe
529 3863 610 3918 etiam
631 3861 706 3931 apud
727 3861 847 3917 Graecos
869 3862 953 3917 levius
974 3863 1109 3932 quoddam
1130 3879 1194 3933 pro·

93 3943 214 3998 nominum
238 3943 508 4000 demonstrativorum
532 3958 618 4010 genus
644 3942 792 3998 derivatum
817 3947 872 4010 cst,
905 3943 977 4012 quod
1001 3945 1195 4015 anaphoricum
1248 4001 1250 4005 .

92 4020 183 4080 dicitur.
217 4025 249 4082 de
266 4041 322 4096 qua
337 4041 367 4080 re
383 4024 456 4082 inira
472 4025 627 4081 accuratius
644 4023 777 4093 agendum
794 4024 854 4082 erit.

936 4112 990 4165 10*
