3020 4878
306 379 366 440 148
818 380 906 435 Gauer

305 558 344 620 A
355 559 508 638 234sqq.:
531 555 587 618 val
608 552 655 640 μὰ
676 553 756 619 τάδε
779 559 966 641 σκῆπτρον,
994 551 1033 616 τὸ
1058 554 1120 636 μὲν
1142 549 1183 618 ὸῦ
1205 577 1289 618 ποτε
1311 551 1404 639 φύλλα

1116 653 1174 716 καὶ
1198 649 1294 731 ὄζους

528 748 640 833 φύσει,
663 749 783 836 ἐπειδὴ
806 756 926 833 πρῶτα
941 747 1047 836 τομὴν
1065 747 1101 834 ἐν
1117 745 1235 832 ὄρεσσι
1256 750 1405 824 λέλοιπεν,

528 845 591 913 οὐδ
613 843 841 935 ἀναθηλήσει·
865 849 945 930 περὶ
968 845 1031 931 γάρ
1047 844 1121 930 adt
1143 845 1267 926 χαλκὸς
1289 845 1407 928 ἔλεψεν.

305 985 363 1052 sed
385 986 411 1051 si
434 986 528 1066 buno,
551 987 604 1068 qui
626 985 838 1068 anaphoricus
860 991 917 1067 est,
941 982 959 1048 ἕ
979 984 1152 1050 aoousativi
1174 1004 1265 1048 usum
1287 985 1409 1067 reoipro-

305 1103 376 1148 oum
399 1086 451 1150 vel
474 1083 658 1149 reflexivum
682 1103 752 1149 esse
775 1083 923 1162 dioimus,
955 1081 1189 1163 difficultatem,
1219 1103 1301 1165 quae
1326 1083 1415 1166 inest,

306 1181 559 1262 dissimulamus,
583 1201 648 1246 non
671 1182 821 1246 tollimus.
1496 1243 1497 1278 ἡ

390 1301 493 1363 neque
519 1281 581 1346 boo
602 1302 667 1346 non
693 1279 854 1344 intellexit
875 1279 1041 1344 Johannes
1063 1278 1254 1359 Kvie'ala3
1283 1279 1310 1344 is
1337 1279 1410 1343 enim

304 1379 338 1444 in
359 1378 480 1459 libelli,
504 1380 558 1460 qui
579 1378 761 1443 inscribitur
785 1376 1095 1459 ,Untersuohuugan
1117 1378 1174 1442 aut
1195 1378 1268 1442 dem
1290 1377 1412 1444 Gabieto

305 1476 362 1542 dor
390 1476 598 1558 Pronomina‚
629 1473 805 1542 besonders
834 1473 891 1538 der
918 1473 1130 1540 lateinischen
1159 1475 1267 1552 (Wien
1294 1477 1411 1558 ‘lbibl‘t

243 1583 254 1602 “
304 1595 358 1657 pp.
382 1578 421 1638 47
437 1593 505 1656 sqq.
534 1574 642 1656 stirpis
676 1595 730 1636 soa
751 1571 945 1637 'reflexivum
977 1590 1068 1637 usum
1101 1593 1141 1639 ex
1174 1571 1412 1637 demonstrativo
1494 1571 1495 1631 ῑ

305 1672 359 1737 vel
380 1671 576 1754 anaphorieo
599 1678 701 1735 ortum
729 1689 800 1736 esse
822 1669 1042 1734 demonstrare
1063 1670 1194 1736 studuit.
1247 1692 1321 1736 nam
1343 1671 1413 1736 anti-
1493 1673 1495 1740 ἶ

305 1770 414 1852 quiore
436 1768 574 1852 quadam
596 1775 704 1834 aetate
726 1789 813 1851 eum,
844 1768 897 1849 qui
920 1759 1068 1833 dixisset:
1104 1764 1122 1832 ὃ
1145 1768 1259 1856 πατὴρ
1282 1767 1412 1851 ἕπληξέν

293 1867 380 1946 tw),
414 1888 479 1932 non
508 1865 721 1949 significasse,
756 1864 799 1929 ad
827 1883 920 1947 quem
951 1864 1032 1929 illud
1054 1864 1072 1930 ἓ
1098 1866 1301 1932 referendum
1328 1873 1413 1946 esset,

306 1972 410 2031 utrum
432 1964 475 2030 ad
495 1964 600 2048 ipsum
622 1971 744 2047 patrem
767 1971 809 2028 a‘n
831 1962 874 2026 ad
896 1963 994 2027 alium
1018 1963 1189 2045 quendam.
1226 1964 1311 2046 quod
1332 1966 1358 2030 si
1377 1962 1414 2028 ad

305 2069 428 2147 patrem
449 2061 652 2128 referendum
675 2067 768 2142 esset,
793 2061 911 2126 dietum
930 2080 1001 2126 esse
1022 2081 1063 2126 ex
1085 2080 1181 2127 sensu
1204 2064 1282 2142 eius,
1305 2063 1356 2144 qui
1376 2063 1415 2124 lo-

307 2167 473 2243 queretur,
503 2180 582 2239 non,
607 2166 641 2223 ut
662 2159 838 2242 posteriore
860 2166 981 2239 aetate,
1011 2179 1052 2223 ex
1074 2179 1170 2224 sensu
1192 2162 1292 2244 ipsius
1314 2161 1414 2244 patris.
1492 2161 1493 2164 ’

305 2260 398 2324 huno·
426 2259 510 2325 anim
541 2277 612 2322 esse
633 2257 832 2340 'posterioris
866 2258 981 2323 aetatis
1009 2257 1194 2323 reflexivum
1232 2244 1322 2323 u‘sum
1354 2259 1416 2323 sine

306 2356 403 2421 dubio
425 2355 639 2436 subtiliorem,
669 2373 739 2419 aum
762 2355 804 2434 is,
829 2356 882 2436 qui
903 2357 1099 2438 loqueretur,
1123 2356 1207 2439 eius,
1234 2356 1275 2421 de
1297 2377 1357 2439 quo
1378 2357 1415 2418 lo-

307 2459 463 2536 queretur,
487 2471 655 2535 personam
677 2459 839 2533 tamquam
862 2452 1010 2519 indueret
1025 2460 1057 2518 et
1072 2473 1113 2518 ex
1128 2471 1167 2518 ea
1183 2453 1311 2535 singula
1325 2454 1416 2518 verba

278 2585 280 2594 v
305 2564 449 2636 poneret.
479 2587 521 2596 -
548 2550 628 2614 liaeo
649 2550 695 2614 ita
715 2547 783 2614 fieri
809 2551 952 2634 potuisse
980 2552 1119 2617 libenter
1143 2551 1294 2618 oonoedo.
1335 2558 1369 2615 at
1387 2569 1417 2614 re

306 2669 385 2715 vera
406 2649 452 2714 sie
472 2647 558 2712 laeta
580 2667 650 2713 esse
672 2667 794 2712 exusu
816 2655 991 2714 eeterarum
1020 2649 1199 2730 linguarum
1223 2650 1417 2731 Indogerma-

306 2749 448 2814 nicarum
485 2767 550 2811 non
578 2745 673 2810 labile
706 2745 822 2828 poterit
857 2745 1076 2812 demonstrari.
1130 2743 1266 2812 Kvidala
1297 2747 1416 2829 quidem
1492 2739 1493 2810 ζ

306 2842 455 2912 Latinum
483 2843 670 2909 adverbium
699 2845 784 2926 quod
813 2850 862 2909 est
894 2846 939 2906 sio
972 2844 1080 2924 affert,
1114 2864 1305 2928 quamquam
1331 2867 1361 2929 p.
1382 2849 1416 2907 47
1489 2871 1493 2909 r

305 2945 340 3010 in
375 2943 584 3009 adnotatione
618 2942 688 3025 ipse
724 2942 881 3007 consessit
916 2941 1200 3008 demonstrativam
1232 2965 1287 3006 soa
1318 2943 1417 3026 stirpis
1493 2957 1494 2986 ε

306 3041 579 3126 signifieationem,
602 3047 637 3104 ut
658 3036 780 3104 Gr'aeoo
802 3040 959 3105 voeabulo
976 3047 1068 3123 utar,
1090 3060 1155 3106 non
1177 3038 1347 3125 ὁεικτικὴν
1366 3037 1417 3105 sed

305 3139 535 3223 anaphorieam
563 3139 670 3204 fuisse.
713 3139 795 3202 haee
822 3144 929 3202 autem
957 3138 991 3202 in
1014 3144 1120 3204 eetera
1141 3138 1248 3204 Latini
1270 3137 1417 3207 sermonis

307 3237 465 3320 exempla,
488 3255 571 3318 quae
587 3233 725 3300 Kvldala
746 3235 848 3316 affert,
871 3236 971 3300 multo
992 3237 1097 3318 magis
1119 3236 1256 3318 quadrat
1276 3257 1368 3319 quam
1388 3235 1416 3298 in

307 3337 353 3396 sie
373 3333 571 3416 adverbium,
594 3334 679 3416 quod
702 3353 875 3418 numquam
890 3335 959 3398 sine
979 3335 1099 3402 maiore
1114 3333 1224 3415 aliqua
1245 3336 1278 3398 vi
1299 3335 1417 3417 ponitur

244 3430 246 3435 ’
308 3437 340 3496 et
362 3451 433 3496 eam
455 3432 558 3514 ipsam
581 3431 621 3495 ob
643 3451 772 3497 oausam
795 3452 815 3495 a
835 3453 890 3494 soa
912 3433 1011 3514 stirpe
1039 3451 1168 3514 prorsus
1192 3433 1332 3497 alienum
1355 3447 1417 3497 esse

307 3528 444 3594 videtur.
487 3549 547 3594 neo
582 3535 689 3595 cetera
716 3530 866 3612 exempla
894 3531 1027 3594 multum
1055 3530 1181 3611 valent,
1216 3531 1292 3612 quia
1323 3545 1417 3612 pauca

809 3623 815 3652 Ι
1209 3653 1212 3660 .

377 3747 411 3812 ²⁰)
433 3748 485 3800 hoa
502 3748 562 3803 loeo
580 3747 694 3801 Kvltala
711 3747 808 3801 scribit
830 3745 940 3810 ἕπληξεν
957 3746 969 3799 ἑ
988 3748 1087 3804 omisso
1104 3747 1190 3802 altero
1209 3757 1335 3812 accentu,
1361 3744 1416 3814 quia

308 3827 509 3882 Aristarcheam
526 3829 657 3883 rationem
674 3829 879 3882 orthotonasaos
897 3833 925 3882 et
946 3829 1077 3884 enclisaos
1094 3834 1206 3882 sequtus
1222 3834 1324 3882 certum
1341 3841 1415 3895 quen·

309 3907 371 3962 darn
388 3915 529 3963 accentum
545 3909 575 3978 in
592 3924 625 3963 eo
641 3904 805 3978 pronomina
816 3923 917 3978 ponere
935 3927 989 3964 non
1005 3915 1103 3979 potest,
1122 3909 1194 3977 quod
1208 3912 1299 3964 utrum
1316 3909 1415 3963 demon-

309 3989 450 4044 strativum
467 4005 503 4044 an
520 3985 674 4045 reflexivum
691 3989 735 4054 sit,
752 3989 787 4044 ab
805 4005 837 4043 eo
854 3989 923 4058 ipso,
940 3991 988 4060 qui
1003 3991 1133 4060 loquitur,
1153 4007 1208 4046 non
1226 3991 1346 4046 sentitur.
