<?xml version="1.0" encoding="UTF-8"?>
<!DOCTYPE html PUBLIC "-//W3C//DTD XHTML 1.0 Transitional//EN"
    "http://www.w3.org/TR/xhtml1/DTD/xhtml1-transitional.dtd">
<html xmlns="http://www.w3.org/1999/xhtml" xml:lang="en" lang="en">
 <head>
  <title>
</title>
<meta http-equiv="Content-Type" content="text/html;charset=utf-8" />
  <meta name='ocr-system' content='tesseract 3.04.00' />
  <meta name='ocr-capabilities' content='ocr_page ocr_carea ocr_par ocr_line ocrx_word'/>
</head>
<body>
  <div class='ocr_page' id='page_1' title='image "./studienzurgriec04curtgoog_0142.png"; bbox 0 0 3020 4878; ppageno 0'>
   <div class='ocr_carea' id='block_1_1' title="bbox 308 413 965 479">
    <p class='ocr_par' dir='ltr' id='par_1_1' title="bbox 308 413 965 479">
     <span class='ocr_line' id='line_1_1' title="bbox 308 413 965 479; baseline -0.008 -7"><span class='ocrx_word' id='word_1_1' title='bbox 308 413 367 474; x_wconf 84' lang='lat'><strong>130</strong></span> <span class='ocrx_word' id='word_1_2' title='bbox 548 433 552 440; x_wconf 93' lang='lat'>·</span> <span class='ocrx_word' id='word_1_3' title='bbox 721 427 731 448; x_wconf 86' lang='lat'><strong>·</strong></span> <span class='ocrx_word' id='word_1_4' title='bbox 818 414 907 468; x_wconf 82' lang='lat' dir='ltr'><strong>Canen</strong></span> <span class='ocrx_word' id='word_1_5' title='bbox 960 469 965 479; x_wconf 81' lang='grc'>,</span> 
     </span>
    </p>
   </div>
   <div class='ocr_carea' id='block_1_2' title="bbox 288 581 1502 2425">
    <p class='ocr_par' dir='ltr' id='par_1_2' title="bbox 303 581 1411 768">
     <span class='ocr_line' id='line_1_2' title="bbox 304 581 1411 671; baseline -0.004 -20"><span class='ocrx_word' id='word_1_6' title='bbox 304 587 357 651; x_wconf 94' lang='lat' dir='ltr'><strong>ubi</strong></span> <span class='ocrx_word' id='word_1_7' title='bbox 381 585 528 651; x_wconf 89' lang='lat' dir='ltr'><strong>enclitioa</strong></span> <span class='ocrx_word' id='word_1_8' title='bbox 549 585 650 650; x_wconf 82' lang='lat' dir='ltr'><strong>torma</strong></span> <span class='ocrx_word' id='word_1_9' title='bbox 679 581 783 671; x_wconf 77' lang='grc' dir='ltr'><strong><em>λη’μεας</em></strong></span> <span class='ocrx_word' id='word_1_10' title='bbox 806 586 846 649; x_wconf 89' lang='lat' dir='ltr'><strong>ab</strong></span> <span class='ocrx_word' id='word_1_11' title='bbox 869 585 960 650; x_wconf 91' lang='lat' dir='ltr'><strong>initio</strong></span> <span class='ocrx_word' id='word_1_12' title='bbox 982 604 1093 651; x_wconf 86' lang='lat' dir='ltr'><strong>versus</strong></span> <span class='ocrx_word' id='word_1_13' title='bbox 1114 585 1220 668; x_wconf 89' lang='lat' dir='ltr'><strong>posita</strong></span> <span class='ocrx_word' id='word_1_14' title='bbox 1243 592 1292 651; x_wconf 87' lang='lat' dir='ltr'><strong>est</strong></span> <span class='ocrx_word' id='word_1_15' title='bbox 1313 591 1411 648; x_wconf 86' lang='lat' dir='ltr'><strong>eontra</strong></span> 
     </span>
     <span class='ocr_line' id='line_1_3' title="bbox 303 683 1286 768; baseline -0.002 -21"><span class='ocrx_word' id='word_1_16' title='bbox 303 685 393 749; x_wconf 91' lang='lat' dir='ltr'><strong>illam</strong></span> <span class='ocrx_word' id='word_1_17' title='bbox 415 684 519 765; x_wconf 83' lang='lat' dir='ltr'><strong>legem</strong></span> <span class='ocrx_word' id='word_1_18' title='bbox 543 683 704 768; x_wconf 81' lang='lat' dir='ltr'><strong>Apolloni.</strong></span> <span class='ocrx_word' id='word_1_19' title='bbox 869 687 874 696; x_wconf 89' lang='lat'>&#39;</span> <span class='ocrx_word' id='word_1_20' title='bbox 1281 703 1286 708; x_wconf 93' lang='lat'>·</span> 
     </span>
    </p>

    <p class='ocr_par' dir='ltr' id='par_1_3' title="bbox 302 779 1413 1255">
     <span class='ocr_line' id='line_1_4' title="bbox 388 779 1411 862; baseline -0.002 -19"><span class='ocrx_word' id='word_1_21' title='bbox 388 780 525 844; x_wconf 85' lang='lat' dir='ltr'><strong>vidimus</strong></span> <span class='ocrx_word' id='word_1_22' title='bbox 561 781 657 862; x_wconf 78' lang='lat' dir='ltr'><strong>igitur</strong></span> <span class='ocrx_word' id='word_1_23' title='bbox 693 787 896 861; x_wconf 68' lang='lat' dir='ltr'><strong>argumenta,</strong></span> <span class='ocrx_word' id='word_1_24' title='bbox 935 781 1048 862; x_wconf 90' lang='lat' dir='ltr'><strong>quibus</strong></span> <span class='ocrx_word' id='word_1_25' title='bbox 1085 779 1238 844; x_wconf 83' lang='lat' dir='ltr'><strong>Lelrrsius</strong></span> <span class='ocrx_word' id='word_1_26' title='bbox 1273 779 1411 862; x_wconf 80' lang='lat' dir='ltr'><strong>Apolloni</strong></span> 
     </span>
     <span class='ocr_line' id='line_1_5' title="bbox 304 878 1413 960; baseline -0.005 -14"><span class='ocrx_word' id='word_1_27' title='bbox 304 878 495 946; x_wconf 86' lang='lat' dir='ltr'><strong>sententiam</strong></span> <span class='ocrx_word' id='word_1_28' title='bbox 526 878 566 942; x_wconf 87' lang='lat' dir='ltr'><strong>de</strong></span> <span class='ocrx_word' id='word_1_29' title='bbox 595 897 691 942; x_wconf 88' lang='lat' dir='ltr'><strong>eausa</strong></span> <span class='ocrx_word' id='word_1_30' title='bbox 719 879 976 958; x_wconf 91' lang='lat' dir='ltr'><strong>orthotoneseos,</strong></span> <span class='ocrx_word' id='word_1_31' title='bbox 1006 885 1159 960; x_wconf 89' lang='lat' dir='ltr'><strong>quaeest</strong></span> <span class='ocrx_word' id='word_1_32' title='bbox 1185 878 1413 942; x_wconf 90' lang='lat' dir='ltr'><strong>ininitioora-</strong></span> 
     </span>
     <span class='ocr_line' id='line_1_6' title="bbox 303 975 1412 1059; baseline -0.004 -18"><span class='ocrx_word' id='word_1_33' title='bbox 303 977 414 1056; x_wconf 84' lang='lat' dir='ltr'><strong>tionis,</strong></span> <span class='ocrx_word' id='word_1_34' title='bbox 444 975 631 1040; x_wconf 88' lang='lat' dir='ltr'><strong>conlirmare</strong></span> <span class='ocrx_word' id='word_1_35' title='bbox 659 975 783 1055; x_wconf 79' lang='lat' dir='ltr'><strong>studet,</strong></span> <span class='ocrx_word' id='word_1_36' title='bbox 813 976 892 1042; x_wconf 89' lang='lat' dir='ltr'><strong>satis</strong></span> <span class='ocrx_word' id='word_1_37' title='bbox 918 977 1031 1059; x_wconf 86' lang='lat' dir='ltr'><strong>gravis</strong></span> <span class='ocrx_word' id='word_1_38' title='bbox 1051 995 1116 1040; x_wconf 91' lang='lat' dir='ltr'><strong>non</strong></span> <span class='ocrx_word' id='word_1_39' title='bbox 1139 993 1219 1040; x_wconf 87' lang='lat' dir='ltr'><strong>esse.</strong></span> <span class='ocrx_word' id='word_1_40' title='bbox 1265 995 1357 1056; x_wconf 88' lang='lat' dir='ltr'><strong>quam</strong></span> <span class='ocrx_word' id='word_1_41' title='bbox 1376 975 1412 1037; x_wconf 90' lang='lat' dir='ltr'><strong>ob</strong></span> 
     </span>
     <span class='ocr_line' id='line_1_7' title="bbox 302 1071 1413 1156; baseline -0.004 -18"><span class='ocrx_word' id='word_1_42' title='bbox 302 1093 368 1140; x_wconf 91' lang='lat' dir='ltr'><strong>rem</strong></span> <span class='ocrx_word' id='word_1_43' title='bbox 391 1075 494 1156; x_wconf 84' lang='lat' dir='ltr'><strong>ipsam</strong></span> <span class='ocrx_word' id='word_1_44' title='bbox 517 1073 606 1137; x_wconf 90' lang='lat' dir='ltr'><strong>illam</strong></span> <span class='ocrx_word' id='word_1_45' title='bbox 631 1073 781 1154; x_wconf 87' lang='lat' dir='ltr'><strong>Apolloni</strong></span> <span class='ocrx_word' id='word_1_46' title='bbox 803 1074 1060 1156; x_wconf 89' lang='lat' dir='ltr'><strong>explicationem,</strong></span> <span class='ocrx_word' id='word_1_47' title='bbox 1083 1081 1118 1137; x_wconf 90' lang='lat' dir='ltr'><strong>ut</strong></span> <span class='ocrx_word' id='word_1_48' title='bbox 1139 1093 1236 1156; x_wconf 86' lang='lat' dir='ltr'><strong>supra</strong></span> <span class='ocrx_word' id='word_1_49' title='bbox 1256 1073 1321 1137; x_wconf 91' lang='lat' dir='ltr'><strong>iam</strong></span> <span class='ocrx_word' id='word_1_50' title='bbox 1343 1071 1413 1150; x_wconf 86' lang='lat' dir='ltr'><strong>dixi,</strong></span> 
     </span>
     <span class='ocr_line' id='line_1_8' title="bbox 303 1172 756 1255; baseline -0.007 -19"><span class='ocrx_word' id='word_1_51' title='bbox 303 1172 432 1255; x_wconf 90' lang='lat' dir='ltr'><strong>probari</strong></span> <span class='ocrx_word' id='word_1_52' title='bbox 454 1192 518 1236; x_wconf 91' lang='lat' dir='ltr'><strong>non</strong></span> <span class='ocrx_word' id='word_1_53' title='bbox 542 1190 636 1254; x_wconf 90' lang='lat' dir='ltr'><strong>posse</strong></span> <span class='ocrx_word' id='word_1_54' title='bbox 658 1177 756 1254; x_wconf 87' lang='lat' dir='ltr'><strong>patet.</strong></span> 
     </span>
    </p>

    <p class='ocr_par' dir='ltr' id='par_1_4' title="bbox 288 1269 1502 2425">
     <span class='ocr_line' id='line_1_9' title="bbox 388 1269 1413 1352; baseline -0.005 -18"><span class='ocrx_word' id='word_1_55' title='bbox 388 1289 491 1351; x_wconf 89' lang='lat' dir='ltr'><strong>neque</strong></span> <span class='ocrx_word' id='word_1_56' title='bbox 515 1269 616 1350; x_wconf 80' lang='lat' dir='ltr'><strong>magis</strong></span> <span class='ocrx_word' id='word_1_57' title='bbox 643 1269 721 1332; x_wconf 85' lang='lat' dir='ltr'><strong>milri</strong></span> <span class='ocrx_word' id='word_1_58' title='bbox 744 1269 874 1350; x_wconf 86' lang='lat' dir='ltr'><strong>placent</strong></span> <span class='ocrx_word' id='word_1_59' title='bbox 895 1287 949 1349; x_wconf 90' lang='lat' dir='ltr'><strong>ea,</strong></span> <span class='ocrx_word' id='word_1_60' title='bbox 979 1289 1062 1350; x_wconf 87' lang='lat' dir='ltr'><strong>quae</strong></span> <span class='ocrx_word' id='word_1_61' title='bbox 1085 1269 1124 1334; x_wconf 91' lang='lat' dir='ltr'><strong>de</strong></span> <span class='ocrx_word' id='word_1_62' title='bbox 1150 1269 1413 1352; x_wconf 78' lang='lat' dir='ltr'><strong>praepositionum</strong></span> 
     </span>
     <span class='ocr_line' id='line_1_10' title="bbox 303 1365 1414 1449; baseline -0.005 -16"><span class='ocrx_word' id='word_1_63' title='bbox 303 1389 363 1433; x_wconf 90' lang='lat' dir='ltr'><strong>usu</strong></span> <span class='ocrx_word' id='word_1_64' title='bbox 384 1367 575 1449; x_wconf 91' lang='lat' dir='ltr'><strong>Apollonius</strong></span> <span class='ocrx_word' id='word_1_65' title='bbox 596 1373 680 1447; x_wconf 89' lang='lat' dir='ltr'><strong>synt.</strong></span> <span class='ocrx_word' id='word_1_66' title='bbox 706 1368 762 1428; x_wconf 81' lang='lat'><strong>127</strong></span> <span class='ocrx_word' id='word_1_67' title='bbox 780 1385 847 1447; x_wconf 87' lang='lat' dir='ltr'><strong>sqq.</strong></span> <span class='ocrx_word' id='word_1_68' title='bbox 874 1367 1040 1448; x_wconf 88' lang='lat' dir='ltr'><strong>permultis</strong></span> <span class='ocrx_word' id='word_1_69' title='bbox 1064 1367 1169 1431; x_wconf 90' lang='lat' dir='ltr'><strong>verbis</strong></span> <span class='ocrx_word' id='word_1_70' title='bbox 1191 1366 1269 1431; x_wconf 88' lang='lat' dir='ltr'><strong>satis</strong></span> <span class='ocrx_word' id='word_1_71' title='bbox 1292 1365 1414 1430; x_wconf 85' lang='lat' dir='ltr'><strong>obscure</strong></span> 
     </span>
     <span class='ocr_line' id='line_1_11' title="bbox 288 1463 1415 1546; baseline -0.002 -18"><span class='ocrx_word' id='word_1_72' title='bbox 288 1464 460 1538; x_wconf 85' lang='lat' dir='ltr'><strong>¹disseruit.</strong></span> <span class='ocrx_word' id='word_1_73' title='bbox 505 1483 579 1532; x_wconf 89' lang='lat' dir='ltr'><strong>nam</strong></span> <span class='ocrx_word' id='word_1_74' title='bbox 612 1463 687 1544; x_wconf 91' lang='lat' dir='ltr'><strong>quia</strong></span> <span class='ocrx_word' id='word_1_75' title='bbox 718 1464 911 1528; x_wconf 87' lang='lat' dir='ltr'><strong>sententiam</strong></span> <span class='ocrx_word' id='word_1_76' title='bbox 946 1483 1036 1527; x_wconf 90' lang='lat' dir='ltr'><strong>suam</strong></span> <span class='ocrx_word' id='word_1_77' title='bbox 1066 1464 1223 1546; x_wconf 90' lang='lat' dir='ltr'><strong>exemplis</strong></span> <span class='ocrx_word' id='word_1_78' title='bbox 1252 1483 1318 1526; x_wconf 91' lang='lat' dir='ltr'><strong>non</strong></span> <span class='ocrx_word' id='word_1_79' title='bbox 1344 1463 1415 1527; x_wconf 87' lang='lat' dir='ltr'><strong>satis</strong></span> 
     </span>
     <span class='ocr_line' id='line_1_12' title="bbox 302 1559 1414 1643; baseline -0.004 -17"><span class='ocrx_word' id='word_1_80' title='bbox 302 1562 491 1641; x_wconf 86' lang='lat' dir='ltr'><strong>illustravit,</strong></span> <span class='ocrx_word' id='word_1_81' title='bbox 531 1560 689 1626; x_wconf 84' lang='lat' dir='ltr'><strong>difficilius</strong></span> <span class='ocrx_word' id='word_1_82' title='bbox 719 1559 755 1623; x_wconf 86' lang='lat' dir='ltr'><strong>fit</strong></span> <span class='ocrx_word' id='word_1_83' title='bbox 787 1560 967 1641; x_wconf 89' lang='lat' dir='ltr'><strong>intellectu,</strong></span> <span class='ocrx_word' id='word_1_84' title='bbox 1002 1561 1078 1643; x_wconf 90' lang='lat' dir='ltr'><strong>quid</strong></span> <span class='ocrx_word' id='word_1_85' title='bbox 1110 1561 1242 1625; x_wconf 88' lang='lat' dir='ltr'><strong>tandem</strong></span> <span class='ocrx_word' id='word_1_86' title='bbox 1276 1559 1414 1625; x_wconf 83' lang='lat' dir='ltr'><strong>voluerit.</strong></span> 
     </span>
     <span class='ocr_line' id='line_1_13' title="bbox 303 1657 1502 1742; baseline -0.006 -16"><span class='ocrx_word' id='word_1_87' title='bbox 303 1679 458 1726; x_wconf 89' lang='lat' dir='ltr'><strong>summam</strong></span> <span class='ocrx_word' id='word_1_88' title='bbox 487 1665 593 1722; x_wconf 87' lang='lat' dir='ltr'><strong>autem</strong></span> <span class='ocrx_word' id='word_1_89' title='bbox 623 1657 860 1740; x_wconf 67' lang='lat' dir='ltr'><strong>explicationis,</strong></span> <span class='ocrx_word' id='word_1_90' title='bbox 895 1677 989 1740; x_wconf 85' lang='lat' dir='ltr'><strong>quam</strong></span> <span class='ocrx_word' id='word_1_91' title='bbox 1018 1659 1074 1723; x_wconf 92' lang='lat' dir='ltr'><strong>ille</strong></span> <span class='ocrx_word' id='word_1_92' title='bbox 1103 1660 1250 1742; x_wconf 89' lang='lat' dir='ltr'><strong>protulit,</strong></span> <span class='ocrx_word' id='word_1_93' title='bbox 1285 1659 1415 1724; x_wconf 85' lang='lat' dir='ltr'><strong>breviter</strong></span> <span class='ocrx_word' id='word_1_94' title='bbox 1498 1687 1502 1712; x_wconf 70' lang='grc' dir='ltr'><strong><em>ι</em></strong></span> 
     </span>
     <span class='ocr_line' id='line_1_14' title="bbox 304 1756 1501 1840; baseline -0.007 -16"><span class='ocrx_word' id='word_1_95' title='bbox 304 1756 452 1840; x_wconf 86' lang='lat' dir='ltr'><strong>exposuit</strong></span> <span class='ocrx_word' id='word_1_96' title='bbox 473 1756 624 1820; x_wconf 89' lang='lat' dir='ltr'><strong>Lehrsius</strong></span> <span class='ocrx_word' id='word_1_97' title='bbox 646 1777 678 1838; x_wconf 90' lang='lat' dir='ltr'><strong>p.</strong></span> <span class='ocrx_word' id='word_1_98' title='bbox 704 1758 762 1818; x_wconf 83' lang='lat'><strong>109</strong></span> <span class='ocrx_word' id='word_1_99' title='bbox 779 1775 835 1840; x_wconf 76' lang='lat' dir='ltr'><strong>sq,</strong></span> <span class='ocrx_word' id='word_1_100' title='bbox 861 1774 955 1838; x_wconf 88' lang='lat' dir='ltr'><strong>quern</strong></span> <span class='ocrx_word' id='word_1_101' title='bbox 977 1757 1010 1820; x_wconf 92' lang='lat' dir='ltr'><strong>iu</strong></span> <span class='ocrx_word' id='word_1_102' title='bbox 1034 1757 1095 1822; x_wconf 88' lang='lat' dir='ltr'><strong>hac</strong></span> <span class='ocrx_word' id='word_1_103' title='bbox 1117 1777 1151 1822; x_wconf 90' lang='lat' dir='ltr'><strong>re</strong></span> <span class='ocrx_word' id='word_1_104' title='bbox 1173 1758 1219 1820; x_wconf 90' lang='lat' dir='ltr'><strong>ita</strong></span> <span class='ocrx_word' id='word_1_105' title='bbox 1240 1776 1364 1839; x_wconf 86' lang='lat' dir='ltr'><strong>sequar,</strong></span> <span class='ocrx_word' id='word_1_106' title='bbox 1386 1761 1415 1818; x_wconf 94' lang='lat' dir='ltr'><strong>ut</strong></span> <span class='ocrx_word' id='word_1_107' title='bbox 1498 1778 1501 1787; x_wconf 95' lang='lat'>·</span> 
     </span>
     <span class='ocr_line' id='line_1_15' title="bbox 304 1853 1501 1938; baseline -0.003 -20"><span class='ocrx_word' id='word_1_108' title='bbox 304 1855 403 1938; x_wconf 89' lang='lat' dir='ltr'><strong>ipsius</strong></span> <span class='ocrx_word' id='word_1_109' title='bbox 431 1855 530 1918; x_wconf 89' lang='lat' dir='ltr'><strong>verba</strong></span> <span class='ocrx_word' id='word_1_110' title='bbox 559 1854 706 1929; x_wconf 84' lang='lat' dir='ltr'><strong>afferam,</strong></span> <span class='ocrx_word' id='word_1_111' title='bbox 740 1854 816 1933; x_wconf 90' lang='lat' dir='ltr'><strong>quia</strong></span> <span class='ocrx_word' id='word_1_112' title='bbox 847 1853 1048 1918; x_wconf 88' lang='lat' dir='ltr'><strong>artificiosam</strong></span> <span class='ocrx_word' id='word_1_113' title='bbox 1075 1853 1227 1937; x_wconf 89' lang='lat' dir='ltr'><strong>Apolloni</strong></span> <span class='ocrx_word' id='word_1_114' title='bbox 1257 1859 1416 1936; x_wconf 84' lang='lat' dir='ltr'><strong>argumeu·</strong></span> <span class='ocrx_word' id='word_1_115' title='bbox 1500 1867 1501 1890; x_wconf 73' lang='lat'><em>³</em></span> 
     </span>
     <span class='ocr_line' id='line_1_16' title="bbox 302 1949 1500 2034; baseline -0.002 -18"><span class='ocrx_word' id='word_1_116' title='bbox 302 1952 456 2016; x_wconf 89' lang='lat' dir='ltr'><strong>tationem</strong></span> <span class='ocrx_word' id='word_1_117' title='bbox 485 1971 589 2033; x_wconf 89' lang='lat' dir='ltr'><strong>neque</strong></span> <span class='ocrx_word' id='word_1_118' title='bbox 621 1949 749 2016; x_wconf 83' lang='lat' dir='ltr'><strong>brevius</strong></span> <span class='ocrx_word' id='word_1_119' title='bbox 784 1969 888 2034; x_wconf 91' lang='lat' dir='ltr'><strong>neque</strong></span> <span class='ocrx_word' id='word_1_120' title='bbox 922 1953 1038 2017; x_wconf 88' lang='lat' dir='ltr'><strong>elarius</strong></span> <span class='ocrx_word' id='word_1_121' title='bbox 1071 1951 1252 2017; x_wconf 88' lang='lat' dir='ltr'><strong>describere</strong></span> <span class='ocrx_word' id='word_1_122' title='bbox 1284 1971 1415 2034; x_wconf 89' lang='lat' dir='ltr'><strong>possum,</strong></span> <span class='ocrx_word' id='word_1_123' title='bbox 1499 1971 1500 1996; x_wconf 67' lang='lat'>³</span> 
     </span>
     <span class='ocr_line' id='line_1_17' title="bbox 304 2048 1500 2132; baseline -0.006 -19"><span class='ocrx_word' id='word_1_124' title='bbox 304 2069 398 2132; x_wconf 90' lang='lat' dir='ltr'><strong>quarn</strong></span> <span class='ocrx_word' id='word_1_125' title='bbox 427 2048 484 2112; x_wconf 92' lang='lat' dir='ltr'><strong>ille</strong></span> <span class='ocrx_word' id='word_1_126' title='bbox 512 2048 595 2113; x_wconf 85' lang='lat' dir='ltr'><strong>lecit.</strong></span> <span class='ocrx_word' id='word_1_127' title='bbox 641 2048 700 2112; x_wconf 89' lang='lat' dir='ltr'><strong>hoc</strong></span> <span class='ocrx_word' id='word_1_128' title='bbox 728 2048 825 2128; x_wconf 84' lang='lat' dir='ltr'><strong>igitur</strong></span> <span class='ocrx_word' id='word_1_129' title='bbox 852 2049 1046 2130; x_wconf 79' lang='lat' dir='ltr'><strong>excogitavit</strong></span> <span class='ocrx_word' id='word_1_130' title='bbox 1068 2049 1273 2132; x_wconf 89' lang='lat' dir='ltr'><strong>Apollonius:</strong></span> <span class='ocrx_word' id='word_1_131' title='bbox 1310 2067 1416 2131; x_wconf 87' lang='lat' dir='ltr'><strong>,prae-</strong></span> <span class='ocrx_word' id='word_1_132' title='bbox 1499 2051 1500 2106; x_wconf 81' lang='lat'>3</span> 
     </span>
     <span class='ocr_line' id='line_1_18' title="bbox 304 2143 1415 2230; baseline -0.005 -19"><span class='ocrx_word' id='word_1_133' title='bbox 304 2147 439 2230; x_wconf 89' lang='lat' dir='ltr'><strong>positum</strong></span> <span class='ocrx_word' id='word_1_134' title='bbox 464 2145 561 2210; x_wconf 89' lang='lat' dir='ltr'><strong>verbo</strong></span> <span class='ocrx_word' id='word_1_135' title='bbox 584 2165 759 2228; x_wconf 79' lang='lat' dir='ltr'><strong>pronomen</strong></span> <span class='ocrx_word' id='word_1_136' title='bbox 782 2145 914 2227; x_wconf 86' lang='lat' dir='ltr'><strong>requirit</strong></span> <span class='ocrx_word' id='word_1_137' title='bbox 936 2143 1047 2229; x_wconf 68' lang='grc' dir='ltr'><strong><em>ὀρθὴν</em></strong></span> <span class='ocrx_word' id='word_1_138' title='bbox 1069 2145 1166 2210; x_wconf 77' lang='grc' dir='ltr'><strong><em>τάσιν</em></strong></span> <span class='ocrx_word' id='word_1_139' title='bbox 1190 2150 1231 2223; x_wconf 85' lang='lat' dir='ltr'><strong>(e.</strong></span> <span class='ocrx_word' id='word_1_140' title='bbox 1255 2167 1285 2228; x_wconf 86' lang='lat' dir='ltr'><strong>g.</strong></span> <span class='ocrx_word' id='word_1_141' title='bbox 1307 2143 1415 2209; x_wconf 80' lang='grc' dir='ltr'><em>τύπτω</em></span> 
     </span>
     <span class='ocr_line' id='line_1_19' title="bbox 305 2243 1416 2326; baseline -0.004 -17"><span class='ocrx_word' id='word_1_142' title='bbox 305 2267 352 2320; x_wconf 89' lang='grc' dir='ltr'><strong>σε,</strong></span> <span class='ocrx_word' id='word_1_143' title='bbox 376 2243 432 2309; x_wconf 91' lang='lat' dir='ltr'><strong>sed</strong></span> <span class='ocrx_word' id='word_1_144' title='bbox 450 2244 487 2308; x_wconf 77' lang='grc' dir='ltr'><strong>σὲ</strong></span> <span class='ocrx_word' id='word_1_145' title='bbox 503 2245 645 2310; x_wconf 77' lang='grc' dir='ltr'><strong><em>τάιιιωιε</em></strong></span> <span class='ocrx_word' id='word_1_146' title='bbox 669 2243 872 2326; x_wconf 84' lang='lat' dir='ltr'><strong>praepositio,</strong></span> <span class='ocrx_word' id='word_1_147' title='bbox 896 2253 930 2306; x_wconf 91' lang='lat' dir='ltr'><strong>ut</strong></span> <span class='ocrx_word' id='word_1_148' title='bbox 951 2245 1202 2326; x_wconf 89' lang='lat' dir='ltr'><strong>praepositivum</strong></span> <span class='ocrx_word' id='word_1_149' title='bbox 1220 2244 1416 2316; x_wconf 83' lang='lat' dir='ltr'><strong>vocabulum,</strong></span> 
     </span>
     <span class='ocr_line' id='line_1_20' title="bbox 303 2339 1417 2425; baseline -0.002 -19"><span class='ocrx_word' id='word_1_150' title='bbox 303 2349 418 2406; x_wconf 87' lang='lat' dir='ltr'><strong>natura</strong></span> <span class='ocrx_word' id='word_1_151' title='bbox 440 2360 498 2405; x_wconf 86' lang='lat' dir='ltr'><strong>sua</strong></span> <span class='ocrx_word' id='word_1_152' title='bbox 519 2339 683 2424; x_wconf 88' lang='lat' dir='ltr'><strong>praecedit</strong></span> <span class='ocrx_word' id='word_1_153' title='bbox 705 2340 813 2422; x_wconf 88' lang='lat' dir='ltr'><strong>verbo,</strong></span> <span class='ocrx_word' id='word_1_154' title='bbox 839 2360 922 2423; x_wconf 91' lang='lat' dir='ltr'><strong>quae</strong></span> <span class='ocrx_word' id='word_1_155' title='bbox 944 2360 1014 2405; x_wconf 89' lang='lat' dir='ltr'><strong>eum</strong></span> <span class='ocrx_word' id='word_1_156' title='bbox 1036 2360 1143 2406; x_wconf 88' lang='lat' dir='ltr'><strong>seeum</strong></span> <span class='ocrx_word' id='word_1_157' title='bbox 1164 2342 1198 2405; x_wconf 94' lang='lat' dir='ltr'><strong>in</strong></span> <span class='ocrx_word' id='word_1_158' title='bbox 1221 2342 1417 2425; x_wconf 84' lang='lat' dir='ltr'><strong>appositione</strong></span> 
     </span>
    </p>
   </div>
   <div class='ocr_carea' id='block_1_3' title="bbox 303 2434 1498 2814">
    <p class='ocr_par' dir='ltr' id='par_1_5' title="bbox 303 2434 1498 2814">
     <span class='ocr_line' id='line_1_21' title="bbox 304 2434 1415 2522; baseline -0.003 -18"><span class='ocrx_word' id='word_1_159' title='bbox 304 2435 352 2516; x_wconf 79' lang='grc' dir='ltr'><strong>(ἐν</strong></span> <span class='ocrx_word' id='word_1_160' title='bbox 374 2434 582 2521; x_wconf 61' lang='grc' dir='ltr'><strong><em>παραθέσει)</em></strong></span> <span class='ocrx_word' id='word_1_161' title='bbox 604 2437 723 2502; x_wconf 88' lang='lat' dir='ltr'><strong>habeat</strong></span> <span class='ocrx_word' id='word_1_162' title='bbox 745 2457 929 2520; x_wconf 84' lang='lat' dir='ltr'><strong>pronomen,</strong></span> <span class='ocrx_word' id='word_1_163' title='bbox 956 2438 1048 2518; x_wconf 86' lang='lat' dir='ltr'><strong>facit,</strong></span> <span class='ocrx_word' id='word_1_164' title='bbox 1072 2445 1106 2503; x_wconf 94' lang='lat' dir='ltr'><strong>ut</strong></span> <span class='ocrx_word' id='word_1_165' title='bbox 1126 2459 1303 2522; x_wconf 86' lang='lat' dir='ltr'><strong>pronomen</strong></span> <span class='ocrx_word' id='word_1_166' title='bbox 1324 2440 1415 2504; x_wconf 88' lang='lat' dir='ltr'><strong>etiam</strong></span> 
     </span>
     <span class='ocr_line' id='line_1_22' title="bbox 303 2533 1417 2618; baseline 0 -20"><span class='ocrx_word' id='word_1_167' title='bbox 303 2536 401 2601; x_wconf 87' lang='lat' dir='ltr'><strong>verbo</strong></span> <span class='ocrx_word' id='word_1_168' title='bbox 423 2535 602 2599; x_wconf 81' lang='lat' dir='ltr'><strong>antecedat.</strong></span> <span class='ocrx_word' id='word_1_169' title='bbox 647 2535 724 2598; x_wconf 89' lang='lat' dir='ltr'><strong>ordo</strong></span> <span class='ocrx_word' id='word_1_170' title='bbox 747 2535 902 2600; x_wconf 85' lang='lat' dir='ltr'><strong>naturalis</strong></span> <span class='ocrx_word' id='word_1_171' title='bbox 926 2542 974 2600; x_wconf 92' lang='lat' dir='ltr'><strong>est</strong></span> <span class='ocrx_word' id='word_1_172' title='bbox 996 2555 1023 2601; x_wconf 88' lang='lat' dir='ltr'><strong>e.</strong></span> <span class='ocrx_word' id='word_1_173' title='bbox 1046 2555 1077 2618; x_wconf 83' lang='lat' dir='ltr'><strong>g.</strong></span> <span class='ocrx_word' id='word_1_174' title='bbox 1100 2534 1226 2613; x_wconf 59' lang='lat' dir='ltr'><strong>caroffi)</strong></span> <span class='ocrx_word' id='word_1_175' title='bbox 1256 2544 1316 2601; x_wconf 88' lang='grc' dir='ltr'><strong>σοῦ</strong></span> <span class='ocrx_word' id='word_1_176' title='bbox 1344 2533 1417 2602; x_wconf 73' lang='grc' dir='ltr'><strong><em>ἐλά-</em></strong></span> 
     </span>
     <span class='ocr_line' id='line_1_23' title="bbox 304 2629 1416 2720; baseline 0 -24"><span class='ocrx_word' id='word_1_177' title='bbox 304 2633 411 2720; x_wconf 73' lang='grc' dir='ltr'><strong><em>λησατ</em></strong></span> <span class='ocrx_word' id='word_1_178' title='bbox 442 2632 467 2697; x_wconf 93' lang='lat' dir='ltr'><strong>si</strong></span> <span class='ocrx_word' id='word_1_179' title='bbox 492 2629 637 2716; x_wconf 76' lang='grc' dir='ltr'><strong><em>ἐλάλησα</em></strong></span> <span class='ocrx_word' id='word_1_180' title='bbox 661 2630 744 2695; x_wconf 78' lang='grc' dir='ltr'><strong><em>κατά</em></strong></span> <span class='ocrx_word' id='word_1_181' title='bbox 768 2639 829 2696; x_wconf 85' lang='grc' dir='ltr'><strong>σοῦ</strong></span> <span class='ocrx_word' id='word_1_182' title='bbox 852 2633 979 2715; x_wconf 88' lang='lat' dir='ltr'><strong>dieitur,</strong></span> <span class='ocrx_word' id='word_1_183' title='bbox 1009 2634 1127 2699; x_wconf 89' lang='lat' dir='ltr'><strong>dietum</strong></span> <span class='ocrx_word' id='word_1_184' title='bbox 1151 2641 1200 2699; x_wconf 88' lang='lat' dir='ltr'><strong>est</strong></span> <span class='ocrx_word' id='word_1_185' title='bbox 1228 2654 1286 2716; x_wconf 87' lang='lat' dir='ltr'><strong>per</strong></span> <span class='ocrx_word' id='word_1_186' title='bbox 1306 2635 1416 2717; x_wconf 88' lang='lat' dir='ltr'><strong>hyper-</strong></span> 
     </span>
     <span class='ocr_line' id='line_1_24' title="bbox 303 2725 1498 2814; baseline -0.003 -18"><span class='ocrx_word' id='word_1_187' title='bbox 303 2725 473 2806; x_wconf 80' lang='lat' dir='ltr'><strong>bat6n¹³).“</strong></span> <span class='ocrx_word' id='word_1_188' title='bbox 516 2730 600 2794; x_wconf 88' lang='lat' dir='ltr'><strong>hauc</strong></span> <span class='ocrx_word' id='word_1_189' title='bbox 627 2730 890 2812; x_wconf 77' lang='lat' dir='ltr'><strong>explicationem,</strong></span> <span class='ocrx_word' id='word_1_190' title='bbox 924 2750 1019 2813; x_wconf 89' lang='lat' dir='ltr'><strong>quam</strong></span> <span class='ocrx_word' id='word_1_191' title='bbox 1048 2751 1089 2796; x_wconf 91' lang='lat' dir='ltr'><strong>ne</strong></span> <span class='ocrx_word' id='word_1_192' title='bbox 1111 2731 1264 2798; x_wconf 88' lang='lat' dir='ltr'><strong>Lehrsius</strong></span> <span class='ocrx_word' id='word_1_193' title='bbox 1293 2731 1415 2814; x_wconf 89' lang='lat' dir='ltr'><strong>quidem</strong></span> <span class='ocrx_word' id='word_1_194' title='bbox 1497 2751 1498 2770; x_wconf 55' lang='grc' dir='ltr'><strong><em>ι</em></strong></span> 
     </span>
    </p>
   </div>
   <div class='ocr_carea' id='block_1_4' title="bbox 256 2961 1500 3838">
    <p class='ocr_par' dir='ltr' id='par_1_6' title="bbox 304 2961 1415 3107">
     <span class='ocr_line' id='line_1_25' title="bbox 374 2961 1415 3031; baseline -0.002 -15"><span class='ocrx_word' id='word_1_195' title='bbox 374 2964 405 3027; x_wconf 78' lang='lat'><strong>¹²)</strong></span> <span class='ocrx_word' id='word_1_196' title='bbox 429 2962 502 3031; x_wconf 88' lang='lat' dir='ltr'><strong>apud</strong></span> <span class='ocrx_word' id='word_1_197' title='bbox 519 2961 661 3016; x_wconf 90' lang='lat' dir='ltr'><strong>Lehrsium</strong></span> <span class='ocrx_word' id='word_1_198' title='bbox 678 2961 730 3016; x_wconf 88' lang='lat' dir='ltr'><strong>hoc</strong></span> <span class='ocrx_word' id='word_1_199' title='bbox 747 2961 909 3016; x_wconf 83' lang='lat' dir='ltr'><strong>vocabulum</strong></span> <span class='ocrx_word' id='word_1_200' title='bbox 927 2969 1041 3016; x_wconf 85' lang='lat' dir='ltr'><strong>accentu</strong></span> <span class='ocrx_word' id='word_1_201' title='bbox 1062 2968 1143 3015; x_wconf 88' lang='lat' dir='ltr'><strong>earet</strong></span> <span class='ocrx_word' id='word_1_202' title='bbox 1178 2961 1251 3030; x_wconf 87' lang='lat' dir='ltr'><strong>quod</strong></span> <span class='ocrx_word' id='word_1_203' title='bbox 1270 2977 1368 3016; x_wconf 85' lang='lat' dir='ltr'><strong>casune</strong></span> <span class='ocrx_word' id='word_1_204' title='bbox 1384 2977 1415 3015; x_wconf 86' lang='lat' dir='ltr'><strong>an</strong></span> 
     </span>
     <span class='ocr_line' id='line_1_26' title="bbox 304 3041 715 3107; baseline -0.005 -9"><span class='ocrx_word' id='word_1_205' title='bbox 304 3044 415 3099; x_wconf 86' lang='lat' dir='ltr'><strong>consilio</strong></span> <span class='ocrx_word' id='word_1_206' title='bbox 432 3043 535 3098; x_wconf 82' lang='lat' dir='ltr'><strong>factum</strong></span> <span class='ocrx_word' id='word_1_207' title='bbox 552 3042 595 3107; x_wconf 87' lang='lat' dir='ltr'><strong>sit,</strong></span> <span class='ocrx_word' id='word_1_208' title='bbox 613 3041 715 3096; x_wconf 86' lang='lat' dir='ltr'><strong>neseio.</strong></span> 
     </span>
    </p>

    <p class='ocr_par' dir='ltr' id='par_1_7' title="bbox 256 3122 1500 3838">
     <span class='ocr_line' id='line_1_27' title="bbox 375 3122 1415 3192; baseline -0.002 -14"><span class='ocrx_word' id='word_1_209' title='bbox 375 3126 406 3190; x_wconf 86' lang='lat'><strong>¹³)</strong></span> <span class='ocrx_word' id='word_1_210' title='bbox 427 3123 610 3192; x_wconf 79' lang='lat' dir='ltr'><strong>longissimam</strong></span> <span class='ocrx_word' id='word_1_211' title='bbox 626 3122 754 3189; x_wconf 87' lang='lat' dir='ltr'><strong>Apolloni</strong></span> <span class='ocrx_word' id='word_1_212' title='bbox 776 3123 1033 3190; x_wconf 79' lang='lat' dir='ltr'><strong>argumentationem</strong></span> <span class='ocrx_word' id='word_1_213' title='bbox 1050 3124 1176 3192; x_wconf 82' lang='lat' dir='ltr'><strong>quoniam</strong></span> <span class='ocrx_word' id='word_1_214' title='bbox 1193 3124 1355 3177; x_wconf 83' lang='lat' dir='ltr'><strong>verbotenus</strong></span> <span class='ocrx_word' id='word_1_215' title='bbox 1372 3122 1415 3176; x_wconf 90' lang='lat' dir='ltr'><strong>ad·</strong></span> 
     </span>
     <span class='ocr_line' id='line_1_28' title="bbox 256 3202 1417 3273; baseline -0.003 -15"><span class='ocrx_word' id='word_1_216' title='bbox 256 3237 258 3244; x_wconf 69' lang='lat'><strong>.</strong></span> <span class='ocrx_word' id='word_1_217' title='bbox 303 3204 422 3259; x_wconf 87' lang='lat' dir='ltr'><strong>seribere</strong></span> <span class='ocrx_word' id='word_1_218' title='bbox 444 3219 499 3257; x_wconf 88' lang='lat' dir='ltr'><strong>non</strong></span> <span class='ocrx_word' id='word_1_219' title='bbox 520 3203 610 3271; x_wconf 87' lang='lat' dir='ltr'><strong>potui,</strong></span> <span class='ocrx_word' id='word_1_220' title='bbox 636 3218 739 3270; x_wconf 84' lang='lat' dir='ltr'><strong>paucas</strong></span> <span class='ocrx_word' id='word_1_221' title='bbox 757 3202 823 3271; x_wconf 79' lang='lat' dir='ltr'><strong>elegi</strong></span> <span class='ocrx_word' id='word_1_222' title='bbox 845 3204 1006 3268; x_wconf 87' lang='lat' dir='ltr'><strong>sententias,</strong></span> <span class='ocrx_word' id='word_1_223' title='bbox 1033 3220 1101 3273; x_wconf 88' lang='lat' dir='ltr'><strong>quae</strong></span> <span class='ocrx_word' id='word_1_224' title='bbox 1119 3203 1216 3258; x_wconf 88' lang='lat' dir='ltr'><strong>Lehrsi</strong></span> <span class='ocrx_word' id='word_1_225' title='bbox 1239 3204 1322 3258; x_wconf 82' lang='lat' dir='ltr'><strong>rerba</strong></span> <span class='ocrx_word' id='word_1_226' title='bbox 1339 3218 1417 3273; x_wconf 88' lang='lat' dir='ltr'><strong>supra</strong></span> 
     </span>
     <span class='ocr_line' id='line_1_29' title="bbox 303 3281 1415 3354; baseline -0.004 -16"><span class='ocrx_word' id='word_1_227' title='bbox 303 3285 387 3338; x_wconf 84' lang='lat' dir='ltr'><strong>allata</strong></span> <span class='ocrx_word' id='word_1_228' title='bbox 404 3281 599 3352; x_wconf 83' lang='lat' dir='ltr'><strong>quodammodo</strong></span> <span class='ocrx_word' id='word_1_229' title='bbox 621 3282 759 3338; x_wconf 88' lang='lat' dir='ltr'><strong>illustrare</strong></span> <span class='ocrx_word' id='word_1_230' title='bbox 780 3283 894 3352; x_wconf 90' lang='lat' dir='ltr'><strong>possint.</strong></span> <span class='ocrx_word' id='word_1_231' title='bbox 931 3291 1000 3354; x_wconf 85' lang='lat' dir='ltr'><strong>synt.</strong></span> <span class='ocrx_word' id='word_1_232' title='bbox 1022 3289 1068 3338; x_wconf 77' lang='lat'><strong>128</strong></span> <span class='ocrx_word' id='word_1_233' title='bbox 1077 3305 1089 3349; x_wconf 39' lang='lat' dir='ltr'><strong>‚f</strong></span> <span class='ocrx_word' id='word_1_234' title='bbox 1104 3289 1134 3338; x_wconf 87' lang='lat'><strong>18</strong></span> <span class='ocrx_word' id='word_1_235' title='bbox 1150 3300 1221 3354; x_wconf 69' lang='lat' dir='ltr'><strong>squ:</strong></span> <span class='ocrx_word' id='word_1_236' title='bbox 1254 3282 1285 3335; x_wconf 87' lang='grc' dir='ltr'><strong>αἱ</strong></span> <span class='ocrx_word' id='word_1_237' title='bbox 1299 3285 1352 3351; x_wconf 78' lang='grc' dir='ltr'><strong>γὰρ</strong></span> <span class='ocrx_word' id='word_1_238' title='bbox 1372 3290 1415 3350; x_wconf 86' lang='lat' dir='ltr'><strong>(se.</strong></span> 
     </span>
     <span class='ocr_line' id='line_1_30' title="bbox 303 3361 1416 3434; baseline -0.003 -16"><span class='ocrx_word' id='word_1_239' title='bbox 303 3366 458 3434; x_wconf 70' lang='grc' dir='ltr'><strong><em>προθέσεις)</em></strong></span> <span class='ocrx_word' id='word_1_240' title='bbox 480 3364 699 3433; x_wconf 72' lang='grc' dir='ltr'><strong><em>παρατιθέμεναι</em></strong></span> <span class='ocrx_word' id='word_1_241' title='bbox 716 3361 746 3416; x_wconf 80' lang='grc' dir='ltr'><strong>ἓν</strong></span> <span class='ocrx_word' id='word_1_242' title='bbox 764 3369 823 3422; x_wconf 79' lang='grc' dir='ltr'><strong><em>ταῖς</em></strong></span> <span class='ocrx_word' id='word_1_243' title='bbox 838 3365 965 3432; x_wconf 79' lang='grc' dir='ltr'><strong><em>πλαγίαις</em></strong></span> <span class='ocrx_word' id='word_1_244' title='bbox 983 3367 1038 3417; x_wconf 80' lang='grc' dir='ltr'><strong>τῶν</strong></span> <span class='ocrx_word' id='word_1_245' title='bbox 1059 3361 1241 3433; x_wconf 81' lang='grc' dir='ltr'><strong><em>άντωναμιών</em></strong></span> <span class='ocrx_word' id='word_1_246' title='bbox 1265 3361 1416 3434; x_wconf 74' lang='grc' dir='ltr'><strong><em>ἀναγκαίως</em></strong></span> 
     </span>
     <span class='ocr_line' id='line_1_31' title="bbox 305 3436 1415 3517; baseline -0.003 -19"><span class='ocrx_word' id='word_1_247' title='bbox 305 3441 431 3516; x_wconf 77' lang='grc' dir='ltr'><strong><em>ἆρκτικίις</em></strong></span> <span class='ocrx_word' id='word_1_248' title='bbox 449 3441 533 3501; x_wconf 78' lang='grc' dir='ltr'><strong><em>αὐτὰς</em></strong></span> <span class='ocrx_word' id='word_1_249' title='bbox 549 3448 670 3496; x_wconf 72' lang='grc' dir='ltr'><strong><em>ποιοῦσι</em></strong></span> <span class='ocrx_word' id='word_1_250' title='bbox 698 3444 858 3513; x_wconf 77' lang='grc' dir='ltr'><strong><em>προθετικαὶ</em></strong></span> <span class='ocrx_word' id='word_1_251' title='bbox 884 3444 938 3513; x_wconf 76' lang='grc' dir='ltr'><strong>γάρ</strong></span> <span class='ocrx_word' id='word_1_252' title='bbox 963 3436 1043 3498; x_wconf 77' lang='grc' dir='ltr'><strong><em>οὖσαι</em></strong></span> <span class='ocrx_word' id='word_1_253' title='bbox 1066 3445 1287 3517; x_wconf 30' lang='grc' dir='ltr'><strong><em>σολιιπρατιθίασι</em></strong></span> <span class='ocrx_word' id='word_1_254' title='bbox 1310 3444 1415 3501; x_wconf 74' lang='grc' dir='ltr'><strong><em>καὶτὰς</em></strong></span> 
     </span>
     <span class='ocr_line' id='line_1_32' title="bbox 304 3515 1500 3596; baseline 0.001 -21"><span class='ocrx_word' id='word_1_255' title='bbox 304 3527 433 3592; x_wconf 79' lang='grc' dir='ltr'><strong>πλαγίας,</strong></span> <span class='ocrx_word' id='word_1_256' title='bbox 454 3515 496 3581; x_wconf 79' lang='grc' dir='ltr'><strong>οἷς</strong></span> <span class='ocrx_word' id='word_1_257' title='bbox 513 3523 557 3576; x_wconf 80' lang='grc' dir='ltr'><strong>καί</strong></span> <span class='ocrx_word' id='word_1_258' title='bbox 576 3521 788 3576; x_wconf 84' lang='grc' dir='ltr'><strong><em>συντάσσονται·</em></strong></span> <span class='ocrx_word' id='word_1_259' title='bbox 813 3523 856 3576; x_wconf 84' lang='grc' dir='ltr'><strong>καὶ</strong></span> <span class='ocrx_word' id='word_1_260' title='bbox 881 3521 951 3576; x_wconf 77' lang='grc' dir='ltr'><strong>οὕτω</strong></span> <span class='ocrx_word' id='word_1_261' title='bbox 971 3529 1026 3575; x_wconf 77' lang='grc' dir='ltr'><strong>τῶν</strong></span> <span class='ocrx_word' id='word_1_262' title='bbox 1044 3523 1175 3594; x_wconf 80' lang='grc' dir='ltr'><em>ῥημάτων</em></span> <span class='ocrx_word' id='word_1_263' title='bbox 1193 3525 1327 3596; x_wconf 77' lang='grc' dir='ltr'><em>δευτέρων</em></span> <span class='ocrx_word' id='word_1_264' title='bbox 1343 3545 1414 3594; x_wconf 83' lang='grc' dir='ltr'><strong><em>γενο-</em></strong></span> <span class='ocrx_word' id='word_1_265' title='bbox 1499 3543 1500 3548; x_wconf 73' lang='grc'>’</span> 
     </span>
     <span class='ocr_line' id='line_1_33' title="bbox 304 3601 1416 3675; baseline 0 -19"><span class='ocrx_word' id='word_1_266' title='bbox 304 3606 396 3673; x_wconf 77' lang='grc' dir='ltr'><strong><em>μένων</em></strong></span> <span class='ocrx_word' id='word_1_267' title='bbox 411 3605 481 3673; x_wconf 82' lang='grc' dir='ltr'><strong><em>μετὰ</em></strong></span> <span class='ocrx_word' id='word_1_268' title='bbox 499 3605 546 3660; x_wconf 79' lang='grc' dir='ltr'><strong>τάς</strong></span> <span class='ocrx_word' id='word_1_269' title='bbox 564 3601 737 3673; x_wconf 79' lang='grc' dir='ltr'><strong><em>άντωνυμίας</em></strong></span> <span class='ocrx_word' id='word_1_270' title='bbox 755 3601 859 3671; x_wconf 68' lang='grc' dir='ltr'><strong><em>ἀνάγκη</em></strong></span> <span class='ocrx_word' id='word_1_271' title='bbox 877 3608 953 3657; x_wconf 84' lang='grc' dir='ltr'><strong><em>πάσα</em></strong></span> <span class='ocrx_word' id='word_1_272' title='bbox 971 3606 1131 3675; x_wconf 60' lang='grc' dir='ltr'><strong><em>ἐγγίνεσθαι</em></strong></span> <span class='ocrx_word' id='word_1_273' title='bbox 1155 3602 1246 3674; x_wconf 67' lang='grc' dir='ltr'><strong><em>ὀρθὴν</em></strong></span> <span class='ocrx_word' id='word_1_274' title='bbox 1263 3607 1344 3660; x_wconf 86' lang='grc' dir='ltr'><strong><em>τάσιν</em></strong></span> <span class='ocrx_word' id='word_1_275' title='bbox 1361 3610 1416 3661; x_wconf 73' lang='grc' dir='ltr'><strong><em>ταῖς</em></strong></span> 
     </span>
     <span class='ocr_line' id='line_1_34' title="bbox 305 3682 1415 3756; baseline -0.001 -18"><span class='ocrx_word' id='word_1_276' title='bbox 305 3685 501 3755; x_wconf 81' lang='grc' dir='ltr'><strong><em>άντωνυμὶαις,</em></strong></span> <span class='ocrx_word' id='word_1_277' title='bbox 520 3687 613 3743; x_wconf 69' lang='grc' dir='ltr'><strong><em>καθὼς</em></strong></span> <span class='ocrx_word' id='word_1_278' title='bbox 630 3684 810 3751; x_wconf 73' lang='grc' dir='ltr'><strong><em>ἐπεδείξαμεν,</em></strong></span> <span class='ocrx_word' id='word_1_279' title='bbox 837 3683 879 3737; x_wconf 78' lang='grc' dir='ltr'><strong><em>ὅτι</em></strong></span> <span class='ocrx_word' id='word_1_280' title='bbox 893 3682 1040 3738; x_wconf 57' lang='lat' dir='ltr'><strong>statuente</strong></span> <span class='ocrx_word' id='word_1_281' title='bbox 1056 3685 1131 3738; x_wconf 74' lang='grc' dir='ltr'><strong><em>ἐστιν</em></strong></span> <span class='ocrx_word' id='word_1_282' title='bbox 1148 3685 1293 3750; x_wconf 80' lang='grc' dir='ltr'><strong><em>ἐπινοῆσαι</em></strong></span> <span class='ocrx_word' id='word_1_283' title='bbox 1310 3686 1415 3756; x_wconf 63' lang='lat' dir='ltr'><strong>tynam</strong></span> 
     </span>
     <span class='ocr_line' id='line_1_35' title="bbox 305 3762 1414 3838; baseline 0 -19"><span class='ocrx_word' id='word_1_284' title='bbox 305 3767 354 3830; x_wconf 76' lang='grc' dir='ltr'><strong><em>ιιὴν</em></strong></span> <span class='ocrx_word' id='word_1_285' title='bbox 372 3765 425 3838; x_wconf 77' lang='grc' dir='ltr'><strong>πρὸ</strong></span> <span class='ocrx_word' id='word_1_286' title='bbox 450 3767 570 3836; x_wconf 76' lang='grc' dir='ltr'><strong><em>ῥήματος</em></strong></span> <span class='ocrx_word' id='word_1_287' title='bbox 589 3770 636 3818; x_wconf 85' lang='grc' dir='ltr'><strong>τοῦ</strong></span> <span class='ocrx_word' id='word_1_288' title='bbox 660 3766 729 3835; x_wconf 79' lang='grc' dir='ltr'><strong><em>πρὸς</em></strong></span> <span class='ocrx_word' id='word_1_289' title='bbox 747 3762 761 3815; x_wconf 79' lang='lat' dir='ltr'><strong>t</strong></span> <span class='ocrx_word' id='word_1_290' title='bbox 779 3772 898 3819; x_wconf 82' lang='grc' dir='ltr'><strong><em>ποιεῖται</em></strong></span> <span class='ocrx_word' id='word_1_291' title='bbox 922 3769 972 3832; x_wconf 79' lang='grc' dir='ltr'><strong>τὴν</strong></span> <span class='ocrx_word' id='word_1_292' title='bbox 995 3767 1130 3827; x_wconf 79' lang='grc' dir='ltr'><strong><em>σύνταξιν.</em></strong></span> <span class='ocrx_word' id='word_1_293' title='bbox 1161 3797 1195 3808; x_wconf 87' lang='lat'><strong>·-</strong></span> <span class='ocrx_word' id='word_1_294' title='bbox 1223 3774 1285 3833; x_wconf 75' lang='lat'><strong>131,</strong></span> <span class='ocrx_word' id='word_1_295' title='bbox 1309 3773 1414 3836; x_wconf 80' lang='lat' dir='ltr'><strong>lSsqq.:</strong></span> 
     </span>
    </p>
   </div>
   <div class='ocr_carea' id='block_1_5' title="bbox 305 3843 1499 3919">
    <p class='ocr_par' dir='ltr' id='par_1_8' title="bbox 305 3843 1499 3919">
     <span class='ocr_line' id='line_1_36' title="bbox 305 3843 1499 3919; baseline -0.002 -19"><span class='ocrx_word' id='word_1_296' title='bbox 305 3845 377 3900; x_wconf 86' lang='grc' dir='ltr'><strong><em>πάνυ</em></strong></span> <span class='ocrx_word' id='word_1_297' title='bbox 402 3848 498 3918; x_wconf 77' lang='grc' dir='ltr'><strong><em>μέντοι</em></strong></span> <span class='ocrx_word' id='word_1_298' title='bbox 522 3844 615 3910; x_wconf 76' lang='grc' dir='ltr'><strong><em>εὔηθές</em></strong></span> <span class='ocrx_word' id='word_1_299' title='bbox 638 3845 696 3898; x_wconf 80' lang='grc' dir='ltr'><strong><em>ἐστι</em></strong></span> <span class='ocrx_word' id='word_1_300' title='bbox 720 3843 798 3904; x_wconf 78' lang='grc' dir='ltr'><strong><em>δόξαι</em></strong></span> <span class='ocrx_word' id='word_1_301' title='bbox 819 3845 884 3903; x_wconf 67' lang='grc' dir='ltr'><strong><em>λαὸς</em></strong></span> <span class='ocrx_word' id='word_1_302' title='bbox 901 3847 1004 3915; x_wconf 72' lang='grc' dir='ltr'><strong><em>λόγους</em></strong></span> <span class='ocrx_word' id='word_1_303' title='bbox 1028 3848 1223 3919; x_wconf 75' lang='grc' dir='ltr'><strong><em>διακρούεσθαι</em></strong></span> <span class='ocrx_word' id='word_1_304' title='bbox 1247 3846 1415 3918; x_wconf 69' lang='grc' dir='ltr'><strong><em>ὑποθεμένου</em></strong></span> <span class='ocrx_word' id='word_1_305' title='bbox 1498 3899 1499 3910; x_wconf 55' lang='lat'><strong>,</strong></span> 
     </span>
    </p>
   </div>
   <div class='ocr_carea' id='block_1_6' title="bbox 304 3923 1416 4080">
    <p class='ocr_par' dir='ltr' id='par_1_9' title="bbox 304 3923 1416 4080">
     <span class='ocr_line' id='line_1_37' title="bbox 304 3923 1415 4001; baseline -0.001 -22"><span class='ocrx_word' id='word_1_306' title='bbox 304 3927 379 3985; x_wconf 79' lang='grc' dir='ltr'><strong><em>τινὸς</em></strong></span> <span class='ocrx_word' id='word_1_307' title='bbox 398 3927 430 3978; x_wconf 77' lang='grc' dir='ltr'><strong>τά</strong></span> <span class='ocrx_word' id='word_1_308' title='bbox 448 3925 573 3992; x_wconf 66' lang='grc' dir='ltr'><strong><em>ἐναντία,</em></strong></span> <span class='ocrx_word' id='word_1_309' title='bbox 600 3927 636 3984; x_wconf 78' lang='grc' dir='ltr'><strong>ὥς</strong></span> <span class='ocrx_word' id='word_1_310' title='bbox 657 3927 702 3978; x_wconf 86' lang='grc' dir='ltr'><strong>καὶ</strong></span> <span class='ocrx_word' id='word_1_311' title='bbox 724 3924 868 3990; x_wconf 82' lang='grc' dir='ltr'><strong><em>ε’γκλιτικιιὶ</em></strong></span> <span class='ocrx_word' id='word_1_312' title='bbox 889 3928 942 3996; x_wconf 87' lang='grc' dir='ltr'><strong>πρὸ</strong></span> <span class='ocrx_word' id='word_1_313' title='bbox 968 3927 1099 4000; x_wconf 75' lang='grc' dir='ltr'><strong><em>ῥημάτων</em></strong></span> <span class='ocrx_word' id='word_1_314' title='bbox 1122 3927 1166 3979; x_wconf 82' lang='grc' dir='ltr'><strong>καί</strong></span> <span class='ocrx_word' id='word_1_315' title='bbox 1184 3923 1415 4001; x_wconf 74' lang='grc' dir='ltr'><strong><em>άρθαιονοιίμεναι</em></strong></span> 
     </span>
     <span class='ocr_line' id='line_1_38' title="bbox 305 4004 1416 4080; baseline -0.002 -19"><span class='ocrx_word' id='word_1_316' title='bbox 305 4007 334 4062; x_wconf 77' lang='grc' dir='ltr'><strong>ἒν</strong></span> <span class='ocrx_word' id='word_1_317' title='bbox 353 4014 411 4065; x_wconf 82' lang='grc' dir='ltr'><strong><em>ταῖς</em></strong></span> <span class='ocrx_word' id='word_1_318' title='bbox 427 4007 575 4077; x_wconf 67' lang='grc' dir='ltr'><strong><em>προθέσεσι</em></strong></span> <span class='ocrx_word' id='word_1_319' title='bbox 592 4006 663 4075; x_wconf 81' lang='grc' dir='ltr'><strong><em>μετά</em></strong></span> <span class='ocrx_word' id='word_1_320' title='bbox 681 4005 714 4059; x_wconf 85' lang='grc' dir='ltr'><strong>τὰ</strong></span> <span class='ocrx_word' id='word_1_321' title='bbox 732 4004 841 4075; x_wconf 75' lang='grc' dir='ltr'><strong><em>ῥήματα</em></strong></span> <span class='ocrx_word' id='word_1_322' title='bbox 856 4007 989 4068; x_wconf 69' lang='grc' dir='ltr'><strong><em>τίθενται,</em></strong></span> <span class='ocrx_word' id='word_1_323' title='bbox 1009 4007 1034 4062; x_wconf 84' lang='grc' dir='ltr'><strong><em>εί</em></strong></span> <span class='ocrx_word' id='word_1_324' title='bbox 1051 4004 1122 4060; x_wconf 78' lang='grc' dir='ltr'><strong><em>σίνται</em></strong></span> <span class='ocrx_word' id='word_1_325' title='bbox 1140 4027 1182 4067; x_wconf 81' lang='grc' dir='ltr'><strong><em>τις</em></strong></span> <span class='ocrx_word' id='word_1_326' title='bbox 1199 4012 1280 4080; x_wconf 81' lang='grc' dir='ltr'><strong><em>φαίη,</em></strong></span> <span class='ocrx_word' id='word_1_327' title='bbox 1300 4009 1416 4079; x_wconf 75' lang='grc' dir='ltr'><strong><em>σήμερον</em></strong></span> 
     </span>
    </p>
   </div>
   <div class='ocr_carea' id='block_1_7' title="bbox 0 0 1517 4878">
    <p class='ocr_par' dir='ltr' id='par_1_10' title="bbox 0 0 1517 4878">
     <span class='ocr_line' id='line_1_39' title="bbox 0 0 1517 4878; baseline 0 0"><span class='ocrx_word' id='word_1_328' title='bbox 0 0 1517 4878; x_wconf 95' lang='lat' dir='ltr'><strong> </strong></span> 
     </span>
    </p>
   </div>
  </div>
 </body>
</html>
