3020 4878
223 405 257 460 de
273 409 459 476 pronominum
476 407 658 478 personalium
674 407 768 462 formis
788 411 815 461 ει
831 423 883 462 usu
900 407 1050 462 Homerico.
1139 407 1198 465 157

89 581 205 661 „eum“,
227 581 288 646 nisi
303 581 388 663 qnod
404 580 468 646 duo
484 580 688 646 inveniuntur
711 581 782 662 loei,
806 581 920 662 quibus
941 585 998 662 μιν
1012 580 1198 647 reflexivam

89 681 146 743 uim
167 681 335 757 hobeotfflt.

125 821 153 880 Β
176 820 252 881 795:
280 817 328 902 τῷ
350 840 408 896 μιν
431 813 609 902 ἐεισαμένη
633 819 762 902 μετέφη
788 811 898 892 πόδας
920 805 1009 880 ὠκέα
1027 803 1113 900 Ἶρις.

126 931 144 994 d
171 935 250 999 244:
280 928 381 998 αὐτόν
403 955 461 1011 μιν
484 930 652 1018 πληγῇσιν
675 927 863 1016 ἀεικελίῃσι
886 927 1071 1012 δαμάσσας.

86 1076 209 1152 uterque
237 1070 327 1134 loeus
355 1069 397 1133 ab
431 1067 494 1147 eis,
528 1069 581 1149 qui
611 1066 651 1132 de
680 1071 737 1149 μιν
765 1067 937 1132 aoeusativi
965 1067 1198 1150 signidoutione

86 1168 178 1232 verba
203 1167 363 1246 iecerunt,
393 1185 522 1248 prorsus
549 1166 715 1248 neglectus
743 1173 801 1231 est.
845 1185 920 1230 nam
950 1172 982 1230 et
1008 1166 1199 1232 Kuehnerus

86 1265 230 1338 (Gramm.
259 1264 291 1344 I,
320 1285 351 1348 p.
376 1269 449 1339 451)
483 1269 514 1328 et
543 1261 679 1330 Kvidala
709 1261 1011 1346 (Untersuehungen
1038 1265 1095 1328 aui
1125 1265 1197 1331 dem

86 1363 212 1428 Gebiete
239 1362 297 1427 der
325 1360 532 1440 Pronomina,
568 1382 598 1445 p.
621 1364 675 1434 49)
708 1360 789 1426 nihil
820 1362 909 1427 aliud
945 1361 1008 1427 nisi
1041 1363 1074 1428 in
1103 1365 1198 1429 usito·

86 1462 200 1526 tissima
222 1459 443 1526 enuntiatione

342 1601 390 1682 τῷ
411 1619 469 1676 μιν
492 1591 690 1676 ἐεισάμενος
712 1591 934 1680 προσεφώνεε

87 1738 137 1812 μιν
165 1732 206 1798 ad
236 1729 474 1817 προσεφώνεε,
508 1752 572 1795 nou
594 1730 643 1820 ¹ad
672 1728 870 1812 ἐεισάμενος
897 1732 1098 1799 referendum
1127 1755 1198 1802 esse

87 1829 196 1896 dieunt.
240 1827 640 1912 Kruegerus,autem((}r.
664 1827 880 1912 spachin,
905 1833 961 1910 51,
988 1836 1020 1911 1,
1047 1837 1113 1915 12),
1144 1835 1197 1916 qui

87 1929 271 2008 attiuhan
294 1927 514 1994 enuntiatione
535 1925 720 1992 reflexivam
744 1927 809 1992 vim
831 1928 951 1994 habere
973 1936 1080 2014 putat,
1106 1933 1196 1998 illum

88 2046 204 2092 versum
227 2047 291 2091 non
314 2026 422 2105 offert,
445 2025 479 2090 in
502 2045 564 2106 quo
585 2029 643 2106 μιν
665 2023 850 2090 reflexivum
874 2045 944 2092 esse
968 2033 1061 2096 etex
1085 2026 1198 2094 ἐεισα-

87 2130 163 2209 μένη
190 2123 334 2213 pendere
361 2141 493 2188 neeesse
522 2129 580 2188 est.
632 2122 734 2204 potuit
760 2143 839 2190 sane
872 2125 1055 2206 posterioris
1082 2128 1198 2192 aetatis

89 2229 190 2305 potita,
219 2223 274 2304 qui
295 2222 431 2286 alterum
454 2219 567 2285 Iliadis
584 2219 709 2288 ,librum
738 2222 930 2304 composuit,
960 2223 1127 2290 formulam
1150 2225 1196 2312 τῷ

88 2343 139 2398 μιν
159 2318 355 2402 ἐεισάμενος
377 2315 598 2403 προσεφώνεε
622 2317 668 2382 ita
688 2317 858 2400 adhibere,
889 2326 924 2386 ut
949 2341 1007 2405 per
1028 2323 1198 2406 neglegen-

88 2417 158 2482 tiam
178 2416 370 2505 μετεφώνεε
394 2437 452 2502 pro
474 2413 696 2502 προσεφώνεε
720 2417 881 2484 seriberet.
920 2425 954 2484 at
978 2420 1037 2486 hau
1059 2422 1198 2504 expliea-

88 2514 167 2580 tione
187 2536 266 2600 opus
288 2535 354 2580 non
376 2534 449 2580 esse
478 2514 582 2580 elueet
604 2533 644 2580 ex
673 2515 730 2578 illo
753 2513 918 2599 Odysseae
941 2536 1050 2598 versu,
1079 2518 1113 2582 in
1136 2539 1198 2600 quo

89 2609 179 2676 αὐτόν
208 2637 265 2694 μιν
293 2633 352 2696 pro
381 2614 396 2678 ἓ
426 2609 526 2677 αὐτόν
557 2610 674 2676 dietum
703 2619 765 2694 est,
800 2621 832 2680 et
860 2633 900 2680 ex
933 2615 1098 2680 nonnullis
1124 2617 1198 2682 aliis

89 2712 233 2794 exemplis
260 2715 317 2792 μιν
347 2717 379 2776 et
406 2702 507 2774 αὐτόν
537 2709 759 2792 pronominum
786 2711 938 2779 reflexive
966 2719 1197 2796 usurpatorum.

90 2815 118 2870 et
135 2814 187 2888 μιν
209 2808 338 2892 (φίλοιο
361 2795 485 2873 dnobus
508 2807 662 2873 Herodoti
689 2808 784 2890 loeis,
815 2829 895 2890 quos
918 2808 1056 2892 Kvidala
1082 2811 1197 2892 attulit,

90 2904 129 2970 ita
148 2908 281 2990 positum
304 2913 367 2987 est,
398 2912 433 2971 ut
454 2905 497 2970 ad
525 2905 703 2972 subiectum
732 2906 911 2972 sententiae
933 2907 1198 2990 superordinatae

90 3001 244 3070 referatur:
281 3006 313 3085 I,
343 3009 400 3068 45:
437 3000 713 3088 ἐπικατασφάξαι
744 3027 802 3084 μιν
831 3001 974 3069 κελεύων
1003 3010 1050 3090 τῷ
1080 3011 1197 3091 νεκρῷ.

91 3098 112 3176 Ι,
135 3107 184 3166 11;
221 3101 349 3168 ἱκέτευε
378 3100 423 3186 μή
453 3125 510 3181 μιν
540 3096 703 3186 ἀναγκαίῃ
735 3099 855 3166 ἐνδεῖν.
900 3102 947 3167 eis
971 3108 1078 3182 autem
1108 3104 1196 3184 lodie,

91 3199 192 3276 quibus
213 3196 315 3276 αὐτός
338 3198 488 3266 reflexive
510 3198 650 3282 pontum
673 3204 736 3279 est,
759 3207 793 3262 ut

141 3351 255 3418 6247:
279 3348 368 3436 ἄλλῳ
392 3347 426 3414 d'
450 3347 550 3416 αὐτὸν
573 3347 927 3438 φωτλκασακρύπτων
950 3347 1073 3440 ἤϊσκεν,

93 3510 210 3571 nonita
231 3507 366 3572 multum
387 3505 561 3585 tribuerim,
584 3504 661 3587 quia
682 3505 776 3570 huius
798 3505 994 3587 pronominis
1008 3504 1197 3587 significatio

93 3601 192 3669 similis
212 3612 261 3670 est
283 3604 360 3686 eius,
384 3623 479 3686 quam
501 3625 556 3666 suo
578 3602 670 3686 stirpi
692 3621 790 3686 supra
812 3602 985 3670 vindieavi.
1020 3604 1078 3669 sed
1100 3605 1196 3670 etiam

93 3700 114 3761 si
132 3700 207 3766 haee
228 3721 269 3767 ex
284 3721 342 3768 usu
358 3697 459 3777 αὐτός
481 3699 678 3784 pronominis
695 3701 831 3784 repetita
845 3708 1034 3783 argumenta
1053 3704 1197 3784 paullum

152 3937 181 3994 ²²¹
204 3952 364 4006 quamquam
380 3935 508 3990 Latinum
526 3951 632 4004 quoque
649 3951 797 4005 pronomen
814 3936 1008 4006 anaphoricum
1028 3938 1075 4004 „is‚
1093 3953 1134 4006 ea,
1151 3937 1194 3993 id‘

96 4027 147 4068 mro
161 4017 198 4071 ita
213 4019 338 4088 usurpari
354 4018 523 4072 notissimum
539 4022 588 4070 est.
