3020 4878
247 405 281 492 da
298 407 483 475 pronominum
501 405 681 475 personalium
699 405 792 460 formis
810 409 838 460 st
855 421 906 460 usu
923 405 1074 462 Homerico.
1161 403 1217 464 139

97 603 123 640 π
139 581 204 644 267
218 597 305 662 sqq:
328 573 365 642 od
382 576 499 660 μέντοι
521 581 620 674 activus
637 599 673 661 ys
691 576 794 642 melda
811 575 931 660 χρόνον
947 571 1055 665 ἀμφὶς
1070 577 1218 660 ἔσεσθον

328 673 518 760 φυλόπιδος
540 683 712 762 κρατερῆς,
736 671 840 740 ὁπότε
863 683 1050 762 μνηστῆρσι
1067 678 1124 742 καὶ
1139 674 1219 763 ἥμιν

329 771 365 842 ἓν
387 771 584 858 manciporum
608 771 720 855 ἐμοῖσι
741 769 842 855 μένος
866 779 1018 862 κρίνηται
1040 770 1155 862 ἄρηος.

95 957 172 1014 nam
198 936 352 1000 hocloco
378 935 487 1002 Ulixes
509 955 545 1002 se
566 945 599 1001 ct
620 938 847 1003 Telemachum
870 940 974 1021 procis
996 937 1138 1023 opponit.

185 1068 337 1133 omnibus
359 1070 408 1133 his
431 1069 603 1152 exemplis,
625 1069 749 1151 quibus,
775 1069 801 1134 si
824 1070 999 1136 accuratius
1020 1087 1219 1152 quaeremus,

96 1167 163 1230 alia
186 1165 326 1230 fortasse
347 1166 425 1231 addi
446 1175 609 1250 poterunt,
634 1186 849 1251 commoveor,
880 1176 913 1233 ut
935 1167 982 1233 La
1004 1168 1102 1232 Rochi
1126 1168 1219 1231 ratic·

96 1284 171 1328 nem
206 1264 386 1347 corrigendi
416 1287 480 1331 non
509 1266 655 1348 probem,
689 1265 748 1332 sed
778 1266 824 1332 eis
851 1271 973 1332 tantum
1001 1265 1080 1332 locis
1109 1269 1221 1330 contra

94 1362 255 1426 librorum
299 1363 488 1446 optimorum
532 1364 750 1443 auctoritatem
794 1360 873 1449 ἥμιν
910 1362 1111 1430 scribendum
1149 1381 1221 1426 esse

94 1467 222 1543 putem,
247 1461 361 1542 quibus
383 1461 600 1527 Herodianum
622 1462 683 1527 hoc
704 1461 818 1528 iecisse
840 1462 990 1527 traditum
1013 1462 1064 1528 sit.
1104 1460 1136 1525 hi
1159 1460 1219 1525 loci
1279 1526 1282 1536 ,

96 1565 176 1641 quot
199 1558 268 1624 sint
290 1577 329 1624 ex
351 1558 483 1640 tabulis,
518 1578 598 1642 quas
627 1579 725 1642 supra
753 1560 859 1643 posui,
893 1560 988 1625 facile
1014 1562 1220 1644 intellegitur.

96 1657 138 1722 de
161 1656 297 1738 ceteris,
321 1675 400 1739 quos
422 1676 533 1724 omnes
554 1658 713 1740 corrigere
734 1658 860 1740 legibus
880 1659 959 1723 artis
980 1659 1109 1726 criticae
1130 1678 1221 1744 repu-

95 1775 202 1837 gnare
225 1754 305 1820 mihi
332 1755 473 1837 videtur,
503 1754 584 1820 illud
612 1762 723 1836 tenco,
753 1756 837 1839 qued
864 1755 929 1822 iam
959 1756 1042 1837 dixi,
1071 1759 1103 1824 in
1132 1753 1221 1844 ἡμῖν,

96 1847 226 1938 ἡμέας,
261 1847 337 1933 ὑμῖν
372 1855 529 1920 enclisecs
559 1861 590 1918 et
621 1854 863 1928 orthotonesecs
890 1854 1127 1922 distinctionem
1157 1877 1222 1922 non

96 1959 164 2016 tam
188 1959 312 2016 certam
334 1951 431 2018 fuisse
453 1971 549 2033 quam
572 1953 605 2016 in
626 1951 757 2034 reliquis
778 1952 887 2017 formis
909 1954 1131 2034 pronominum
1152 1974 1223 2038 per·

96 2049 274 2114 sonalium.
318 2035 502 2131 usquehuc
524 2050 557 2114 in
580 2067 614 2113 re
635 2050 713 2114 satis
735 2049 844 2114 subtili
865 2048 972 2114 mirari
994 2071 1172 2134 possumus.

186 2181 221 2245 b.
260 2180 302 2244 de
324 2179 510 2262 pronomine
532 2181 646 2246 tertiae
675 2199 832 2263 personae
854 2181 1072 2263 Aristarchus,
1103 2185 1222 2248 utiam

97 2299 200 2362 supra
225 2276 302 2360 dixi,
326 2298 396 2342 cam
419 2277 581 2343 constituit
602 2279 717 2359 legem,
740 2285 775 2343 ut
795 2278 917 2344 formae
938 2280 1155 2346 orthotonicae
1176 2301 1223 2346 re·

96 2377 264 2454 dexivam,
288 2375 455 2440 enclitioae
477 2377 761 2440 demonstrativam
784 2377 846 2441 vim
871 2377 1036 2443 haberent.
1071 2378 1128 2443 sed
1151 2397 1223 2445 eum

96 2478 325 2558 vituperarunt
347 2474 536 2557 Apollonius
566 2482 597 2539 et
620 2473 836 2556 Herodianus,
870 2473 966 2558 idque
995 2496 1066 2541 mea
1095 2475 1223 2558 quidem

96 2572 267 2638 sententia
288 2592 345 2636 suo
368 2574 443 2636 iure.
489 2592 562 2636 nam
585 2591 634 2651 ea,
661 2592 743 2654 quae
765 2573 916 2638 hehrsius
934 2566 968 2657 ¹p.
995 2578 1054 2638 115
1070 2593 1138 2656 sqq.
1153 2573 1224 2642 dis·

96 2671 217 2752 seruit,
245 2675 281 2734 ut
302 2669 519 2734 Aristarchum
541 2669 743 2749 defenderet,
773 2691 836 2734 non
864 2672 911 2736 ita
939 2672 1048 2753 magni
1071 2674 1221 2738 momenti

97 2775 185 2834 sunt.
231 2766 378 2832 concedit
413 2769 497 2832 enim
527 2767 749 2833 Aristarehcae
781 2768 926 2833 lectionis
955 2789 1026 2834 esse
1061 2771 1223 2852 quandam

97 2865 369 2946 inconstantiam
392 2864 468 2930 inde
483 2871 590 2930 autem
605 2885 761 2948 apparere
779 2865 902 2949 „ipsum
919 2867 1024 2948 legem
1040 2870 1222 2949 generalem

99 2965 265 3048 posuisse,
296 2981 378 3044 quae
406 2963 439 3027 in
469 2963 614 3045 plurimis
637 2963 773 3042 valeret,
803 2964 836 3026 in
866 2965 1089 3030 constituenda
1117 2973 1223 3031 erstem

99 3062 256 3128 lectione*
273 3068 304 3125 ct
332 3061 466 3126 aliarum
496 3062 676 3144 regularum
706 3079 891 3126 concursum
915 3069 1006 3126 caute
1029 3061 1225 3134 devitantem

99 3168 133 3226 et
156 3179 288 3225 sensum
311 3179 401 3226 suum
424 3159 646 3249 observantem
669 3160 720 3223 vel
750 3179 785 3223 os
812 3157 895 3223 bene
917 3158 1112 3240 loquentium
1134 3161 1169 3224 in
1191 3181 1227 3228 re

99 3259 168 3326 levi
197 3276 278 3324 sane
307 3267 466 3322 momento
494 3256 556 3322 huc
583 3257 660 3322 illuc
688 3257 842 3322 inclinata
876 3276 917 3321 ex
945 3276 1046 3338 aequo
1076 3266 1108 3322 et
1141 3259 1224 3324 bono

100 3376 201 3438 quam
230 3354 339 3421 stricto
373 3355 441 3419 iure
474 3355 615 3420 iudicare
644 3356 827 3420 maluisse.“
870 3363 903 3419 at
939 3355 1094 3420 incertam
1133 3357 1225 3440 hanc,

101 3473 202 3536 quam
224 3452 323 3518 inisse
346 3460 452 3535 putat,
485 3452 658 3518 Aristarchi
688 3452 844 3518 rationem
873 3451 1050 3518 accuratius
1079 3474 1144 3518 non
1174 3455 1226 3521 de·

102 3550 217 3616 scribit
238 3567 342 3633 neque
364 3551 520 3633 exemplis
542 3541 696 3630 illus'trat,
711 3545 809 3632 'qued
833 3550 903 3614 sine
926 3550 1022 3615 dubio
1045 3571 1125 3634 opus
1149 3560 1225 3619 erat.

102 3669 181 3712 nam
197 3647 276 3729 quid
290 3647 421 3714 tandem
437 3667 553 3713 causae
568 3647 672 3730 luerit,
688 3654 724 3711 ut
739 3648 795 3714 ille
810 3648 973 3712 nonnullis
989 3648 1067 3714 locis
1082 3670 1101 3714 a
1116 3652 1229 3732 regula

104 3766 166 3812 sna
187 3745 361 3826 recederet,
384 3753 418 3810 ut

155 3900 284 3963 0226:
334 3893 418 3961 diti
453 3895 528 3962 τόδ’
569 3894 652 3984 ἠμὲν
689 3895 766 3978 ἐμοὶ
802 3896 887 3962 πολὺ
924 3895 1058 3964 κάλλιον
1095 3896 1156 3985 ἠδὲ
1194 3897 1230 3966 οἷ

870 3991 969 4080 αὐτῷ,
991 4004 1026 4062 ct
