3020 4878
229 423 263 477 de
280 427 468 494 pronominum
486 424 666 492 personalium
683 409 777 477 tornois
795 430 822 476 et
839 440 890 478 usu
907 423 1059 478 Homerico.
1143 421 1200 480 lli

96 604 188 680 caput,
212 595 333 680 qnippe
353 597 440 678 quod
463 597 504 661 ad
527 597 597 684 sola
619 581 809 679 pronomina
829 595 1013 680 personalia
1034 601 1201 679 spectaret,

95 696 229 760 oratione
251 697 487 778 complecterer,
511 694 680 759 sedunam
702 701 826 778 partem
842 695 993 777 eligerem
1008 694 1204 762 accuratiore

94 791 223 874 quadam
246 792 463 875 disputatione
484 791 625 874 dignam,
648 811 731 874 quae
745 797 795 856 est
809 791 851 857 de
864 791 1025 858 secundae
1046 811 1204 875 personae

93 892 205 956 numeri
229 891 401 973 singularis
423 890 533 954 dativo
556 897 587 955 et
609 889 650 954 de
667 894 721 953 cot
742 889 909 972 particula,
932 909 1015 972 quae
1035 897 1138 954 utrum
1162 909 1203 954 ex

91 987 141 1052 illo
162 995 232 1053 orta
253 989 295 1053 sit
316 1007 433 1072 necne,
462 988 546 1052 inter
573 987 658 1052 viros
680 987 792 1052 doctos
813 985 919 1055 adhuc
946 995 1092 1053 certetur.
1136 994 1201 1052 tres

92 1086 181 1169 enim,
214 1093 368 1168 quantum
389 1085 473 1166 vidi,
503 1085 555 1150 vel
577 1093 726 1167 quattuor
747 1085 842 1151 huius
863 1087 1040 1170 particulae
1061 1085 1201 1168 explica·

91 1183 184 1250 tiones
207 1185 355 1266 prolatae
376 1189 451 1250 sunt
470 1184 514 1248 ab
530 1183 707 1276 Hartrrngio
730 1183 847 1260 (Lehre
868 1204 931 1249 ron
953 1185 1017 1250 den
1034 1183 1201 1248 Partikeln

91 1280 139 1346 der
155 1282 375 1364 griechischen
392 1281 544 1364 Sprache,
567 1281 611 1362 ΙΙ,
633 1301 665 1364 p.
682 1275 766 1360 tte),
790 1281 1044 1364 Naegelsbachio
1068 1281 1201 1354 (Exoura

89 1379 116 1442 ll
133 1381 165 1444 in
193 1382 300 1464 prima
322 1379 463 1445 editione
483 1379 726 1444 adnotationum
747 1379 781 1444 in
803 1377 967 1460 Iliademt,
991 1379 1042 1444 cui
1065 1379 1199 1444 Baeum-
1327 1467 1332 1474 Ι

89 1477 195 1543 leinius
219 1478 518 1559 (Untersuohungen
541 1477 620 1540 tiber
641 1475 760 1558 griech.
782 1477 964 1558 Partiheln‚
994 1498 1025 1560 p.
1041 1479 1103 1542 235
1117 1485 1199 1569 sqq-l

89 1593 232 1640 assensus
254 1584 319 1656 est,
349 1576 475 1640 Klotzio
506 1573 560 1651 (ad
582 1574 755 1639 Devarium
780 1574 827 1656 ΙΙ,
851 1595 882 1658 p.
907 1578 968 1639 735
983 1579 1080 1657 son),
1111 1577 1201 1640 ouius

89 1673 272 1750 sententiam
296 1673 487 1738 Kuehnerus
510 1671 662 1751 (Gremm.
686 1673 735 1754 ΙΙ,
758 1693 789 1755 p.
813 1675 887 1746 703)
911 1673 1024 1738 leviter
1044 1680 1199 1738 mutatam

88 1771 238 1852 probavit.
282 1789 323 1836 ex
346 1771 395 1835 his
416 1770 494 1834 viris
516 1768 618 1834 doctis
639 1769 924 1852 Naegelsbaohius,
947 1791 1017 1835 eum
1039 1771 1199 1853 duplicem

88 1885 150 1932 esse
171 1873 227 1932 τοί
248 1870 437 1951 particulam
459 1867 672 1948 intellegeret,
695 1870 830 1934 alteram
852 1868 1093 1949 orthotonieam,
1116 1888 1199 1950 que

87 1965 123 2029 ab
143 1966 232 2031 initio
256 1967 409 2033 motionis
429 1973 600 2050 poneretur
622 1973 654 2030 et
667 1965 905 2030 conclusionem
920 1965 1080 2047 quandam
1103 1967 1200 2048 signi·
1247 1981 1249 1986 ·

87 2062 201 2144 licaret,
221 2066 366 2130 ,alteram
390 2065 585 2147 encliticam,
615 2053 698 2145 quae
720 2062 943 2127 affirmativam
965 2064 1030 2128 vim
1053 2063 1197 2146 haberet,

88 2160 162 2226 hanc
183 2163 363 2228 encliticam
386 2181 427 2227 ex
441 2167 497 2226 τοί
512 2162 620 2226 dativo
641 2161 839 2244 pronominis
856 2160 1018 2228 secundae
1040 2179 1199 2244 personae

84 2265 178 2324 ortam
202 2279 272 2325 esse
287 2258 483 2325 existimavit
496 2260 592 2341 idque
612 2259 759 2342 plurimis
774 2258 933 2338 Homerici
949 2278 1024 2324 usus
1038 2259 1196 2341 exemplis

86 2355 297 2423 demonstrare
326 2357 455 2422 studuit.
500 2378 595 2440 quam
623 2357 871 2439 explicationem
899 2363 983 2422 recte
1010 2375 1046 2422 se
1075 2357 1195 2422 hahere

86 2457 225 2536 quoniam
247 2455 319 2538 ipse
342 2475 466 2538 quoqne
487 2457 567 2520 mihi
587 2456 747 2538 persuasi,
776 2462 951 2520 ceterorum
979 2455 1117 2518 virorum
1140 2453 1195 2536 do,-

85 2558 212 2635 ctorum,
241 2554 297 2635 qui
324 2553 495 2620 honorem
523 2554 710 2635 attigerunt,
741 2553 916 2618 sententias
944 2551 1033 2618 brevi
1054 2551 1193 2634 quadam

86 2651 378 2716 commemoratione
406 2657 455 2730 et,
493 2651 520 2716 si
549 2651 609 2714 hoo
642 2649 747 2715 dicere
774 2651 862 2732 lieet,
900 2650 1090 2715 refutatione
1125 2669 1194 2733 per-

85 2749 246 2830 stringam,
281 2755 316 2812 ut
343 2748 408 2814 illis
437 2748 589 2813 conlectis
617 2747 755 2813 securior
777 2747 1044 2813 iamdissertatio
1066 2765 1139 2814 mea
1160 2749 1194 2812 in

86 2843 287 2911 describendo
313 2851 376 2934 ,not
393 2845 509 2936 dativi
542 2847 638 2911 ethici
671 2852 703 2909 et
734 2845 910 2927 particulae
937 2865 997 2910 usu
1025 2845 1193 2910 Homerico

84 2945 197 3008 versari
219 2944 331 3028 possit.
457 2968 460 2974 ¹

162 3046 194 3106 et
212 3042 351 3125 primum
368 3039 496 3122 quidem
511 3041 674 3105 minimam
692 3039 927 3124 probabilitatis
941 3039 1082 3122 speciem
1096 3039 1194 3106 hahet

85 3136 275 3222 Hartungi
295 3139 480 3221 explicatio,
507 3145 541 3202 ut
561 3141 616 3201 τοί
638 3137 794 3219 particula
816 3135 930 3202 eadem
952 3138 994 3202 sit
1014 3143 1111 3219 atque
1133 3136 1195 3201 Go-

83 3235 141 3299 tica
158 3235 257 3318 pout,
283 3235 366 3324 peu,
395 3243 505 3301 nostro
531 3236 643 3318 lingua
671 3233 802 3316 ,doeh“,
835 3234 869 3300 in
897 3255 960 3317 qua
981 3253 1074 3300 meus
1095 3235 1194 3316 aliqui

84 3332 186 3415 stirpis
214 3333 483 3399 demonstrativae
507 3333 553 3416 ,ba
581 3333 767 3398 coniunctus
800 3333 842 3397 sit
869 3351 940 3397 oum
968 3331 1010 3394 uit
1038 3333 1194 3416 particula

84 3429 243 3496 terminali.
288 3439 426 3497 atvero
454 3433 487 3496 in
520 3431 606 3515 ,doch
639 3431 893 3496 instrumentalis
920 3432 1027 3516 inesse
1055 3430 1192 3514 videtur,

86 3547 145 3591 non
166 3529 318 3594 locativus
340 3551 360 3594 a
377 3528 422 3612 ῥα
443 3529 542 3612 stirpe
565 3528 742 3609 derivatus,
773 3529 826 3611 qui
848 3549 920 3596 cum
940 3534 995 3593 vot
1016 3530 1192 3612 comparari

84 3625 187 3705 possit.
214 3633 382 3709 praeterea
403 3627 567 3692 encliticus
582 3627 725 3692 Graecae
746 3626 925 3709 particulae
945 3647 1021 3692 usus
1036 3626 1193 3709 ldartungi

16 3743 18 3752 Ν
85 3725 250 3790 sententiae
278 3731 452 3808 repugnat,
481 3730 516 3788 ut
545 3725 598 3806 qui
627 3725 661 3788 in
688 3723 787 3806 stirpe
814 3725 895 3790 satis
914 3725 980 3788 acri
1005 3725 1038 3788 vi
1059 3723 1192 3790 demon

85 3821 207 3885 stafiva
226 3823 375 3905 praedita
396 3841 548 3892 essenon
569 3823 679 3906 possit.
691 3855 736 3868 »-
752 3821 836 3886 hanc
857 3821 1076 3887 difficultatem
1090 3823 1193 3904 euita-

86 3916 338 4001 vitKlotzius,
361 3941 432 3985 cum
454 3925 509 3984 cot
528 3919 614 3986 idem
637 3939 708 3985 esse
729 3927 855 4005 putaret
868 3926 965 4002 atque
984 3913 1031 4005 τῷ
1048 3919 1190 3986 dativum

86 4015 240 4081 encliticae
259 4017 368 4104 stirpis
389 4041 457 4095 oto,
480 4041 518 4081 το
547 4022 599 4094 (ex
620 4043 654 4082 τι
673 4017 800 4088 tactaei.
844 4018 905 4082 hoe
925 4023 1033 4084 autem
1062 4025 1191 4100 propter
