3020 4878
707 415 745 458 x.
822 373 909 432 Gauer
1038 375 1042 388 ”

294 547 361 614 sed
392 545 471 613 48148
503 546 609 614 nullas
628 547 851 630 .intellegendi
889 546 1091 617 difficultates
1126 547 1284 630 praebent
1317 567 1405 628 neque

304 665 383 728 opus
412 653 460 710 884
488 663 527 712 ea
554 646 731 712 accuratius
759 647 820 712 hoo
847 647 917 711 loeo
945 646 1090 726 44881844,
1122 646 1198 728 quia
1228 645 1329 712 timeri
1353 665 1405 709 non

302 750 422 826 potest,
453 763 494 810 ne
524 744 594 826 quis
622 744 687 810 illis
716 742 794 810 loeis
818 751 981 827 tamquam
1003 745 1199 827 argumentis
1221 765 1297 810 usus
1317 762 1407 808 844844

304 841 368 906 vim
398 842 681 910 demonstrativam
710 861 765 904 roa
793 843 885 925 stirpi
912 842 1078 910 vindioare
1105 848 1252 925 oonetur3
1286 861 1357 908 nam
1381 841 1406 904 in

304 941 475 1025 exemplis,
499 960 582 1022 quae
603 941 713 1021 attuli,
737 936 771 1004 81
793 947 825 1004 84
847 927 887 1026 ἧς
908 941 1098 1022 pronomina
1120 941 1316 1024 anaphorioe
1335 959 1408 1004 usur·

304 1045 382 1123 pata
414 1057 484 1106 esse
517 1046 549 1104 et
581 1038 624 1104 ad
655 1057 831 1122 pronomen
864 1038 995 1120 aliquod
1027 1036 1227 1104 indefinitum
1257 1035 1409 1103 referenda

304 1145 455 1220 apparet,
486 1136 572 1218 quod
594 1143 650 1201 aut
672 1157 690 1202 8
711 1157 834 1202 88448448
856 1134 1087 1204 sententiarum
1109 1135 1357 1220 intellegendum
1377 1134 1410 1198 sit

303 1235 413 1301 autin
435 1234 543 1300 verbis
564 1235 770 1317 sequentibus
793 1242 903 1318 aperte
925 1240 1038 1315 exstet,
1061 1242 1095 1300 ut

391 1378 403 1417 ι
426 1357 482 1419 35:
505 1351 624 1438 εἴπερ
647 1359 705 1419 καί
726 1377 787 1430 τις.

389 1509 493 1573 pauoa
520 1497 629 1555 tamen
657 1489 812 1556 addenda
840 1501 914 1555 sunt
942 1489 984 1555 de
1011 1488 1201 1574 pronomine
1234 1487 1410 1572 possessivo,
1493 1477 1494 1520 4

305 1587 390 1670 quod
412 1590 516 1672 ipsum
540 1607 665 1670 quoque
687 1589 851 1654 nonnullis
873 1589 952 1654 loeis
974 1588 1019 1652 ita
1040 1593 1219 1670 usurpatur,
1243 1594 1278 1652 ut
1297 1607 1358 1651 non
1377 1583 1413 1648 ad
1492 1658 1493 1684 χ

305 1687 482 1752 8884884448
511 1685 654 1750 eiusdem
681 1693 737 1751 aut
763 1686 1029 1771 superordinatae
1061 1684 1257 1767 sententiae,
1293 1683 1349 1750 sed
1378 1681 1413 1747 ad

305 1783 394 1848 aliud
416 1803 533 1850 nomen
555 1783 755 1852 referendum
778 1784 829 1849 sit.
874 1785 908 1849 hi
930 1784 992 1849 looi
1014 1791 1103 1848 sunt:
1150 1839 1155 1850 .
1491 1811 1492 1816 1

266 1902 271 1908 ·
347 1903 380 1962 44
401 1902 471 1964 reo.
501 1904 540 1964 44
560 1903 631 1965 448.
661 1899 765 1965 8448
787 1923 868 1962 τ..4
895 1902 963 1964 448.
1000 1897 1020 1961 4
1043 1901 1114 1963 848.
1143 1897 1162 1960 4
1184 1900 1258 1964 oso.
1293 1921 1309 1960 v
1333 1899 1380 1977 44,

305 2009 418 2092 quibus
442 2013 460 2072 4
483 2009 561 2075 toris
583 2007 640 2088 ἑός
662 2017 849 2093 usurpatum
871 2013 903 2072 z
924 1997 1001 2088 soo,'
1018 2013 1058 2072 44
1076 2013 1148 2072 448.
1176 2013 1205 2071 r
1224 2009 1296 2072 434.
1320 2007 1350 2070 n
1372 2009 1413 2071 84.
1491 1999 1492 2082 4

305 2107 1023 2173 488844548844448884488
996 2107 1413 2188 4488488448
1491 2087 1492 2176 Ὗ

305 2209 382 2287 365,
417 2201 531 2288 q'uibus
563 2201 768 2282 1418848ὅς
796 2212 982 2288 usurpatum
1020 2205 1138 2286 1327,
1171 2203 1226 2268 ubi
1258 2207 1413 2290 σφέτερος
1491 2193 1492 2196 '

304 2303 382 2385 legit
383 2325 428 2368 ur.
465 2303 759 2414 —oompluribus
797 2303 909 2369 horum
943 2304 1084 2368 ioeorum
1121 2303 1170 2368 vis
1206 2302 1317 2385 „ipse“
1353 2319 1414 2384 pro·
1490 2374 1491 2383 ¹

305 2400 459 2521 nominis,
481 2420 577 2482 quam
599 2401 631 2464 in
653 2423 709 2464 888
729 2402 829 2486 stirpe
851 2402 1025 2482 antiquitus
1046 2399 1144 2466 fuisse
1166 2420 1263 2482 supra
1283 2397 1394 2479 dixi,
1387 2417 1414 2460 1n
1490 2428 1491 2437 1

305 2495 372 2575 ἑός,
395 2493 433 2574 ὅς
453 2499 501 2562 448
523 2505 651 2564 servata
673 2506 737 2579 est,
761 2506 795 2562 ut
816 2499 886 2563 Lat
864 2507 931 2564 trne
952 2519 1018 2564 non
1041 2497 1230 2564 vertendum
1253 2496 1293 2562 sit
1314 2497 1414 2574 „eius“
1490 2545 1491 2574 ,

213 2627 214 2630 “
304 2596 456 2678 genetivo
484 2596 682 2678 possessivo,
716 2595 774 2661 sed
803 2597 892 2674 „eius
920 2596 1052 2680 ipsius‘t
1096 2615 1200 2678 panea
1228 2594 1321 2660 huius
1350 2611 1414 2658 usus

305 2694 438 2760 afferam
461 2693 619 2776 exempla.
1487 2719 1492 2872 1

278 2971 281 2978 ,
349 2934 380 2991 Ζ
401 2932 478 2994 500:
508 2931 545 2992 αἳ
565 2930 627 3010 μὲν
650 2927 701 2994 ἑτι
724 2926 808 3008 ζωὸν
830 2925 910 3012 γόον
925 2921 1068 3010 Ἕκτορα
1088 2911 1114 3011 ᾧ
1136 2921 1187 2990 ἐνὶ
1210 2923 1303 3012 οἴκῳ

348 2833 483 2896 11753:
510 2828 549 2916 ἑη,
572 2835 609 2896 τέ
632 2855 688 2913 μιν
712 2825 835 2895 ὤλεσεν
859 2825 954 2948 dimi.

398 3029 478 3091 08:
508 3022 587 3112 ὅςρ
592 3021 738 3093 ἐλθών
758 3021 903 3111 Ὀδυσῆα
927 3021 1067 3088 διώκετο
1091 3019 1143 3088 oio
1168 3021 1299 3106 δόμοιο.
1322 3061 1361 3070 -
1487 2876 1492 3107 i

392 3163 472 3228 haee
501 3161 659 3229 sufficiant
688 3161 729 3228 de
759 3184 818 3228 848
847 3162 955 3246 stirpis
978 3181 1036 3227 usu
1057 3160 1241 3242 Homerioo,
1272 3161 1325 3244 qui
1351 3179 1414 3242 quo

307 3259 402 3325 modo
424 3261 466 3325 ab
489 3282 552 3326 una
575 3259 806 3342 significatione
828 3258 981 3344 primaria
1003 3265 1089 3323 ortus
1117 3277 1174 3341 per
1196 3258 1288 3324 48448
1308 3276 1415 3341 genera

307 3357 481 3441 dissipatus
516 3359 572 3439 sit,
616 3357 693 3424 satis
729 3359 793 3423 iam
830 3356 1039 3442 probabiliter
1077 3355 1315 3424 demonstrasse
1348 3353 1415 3420 mihi

308 3454 428 3521 videor.

824 3628 854 3690 2.
900 3622 921 3688 ἰ.

393 3784 509 3868 488484,
537 3783 572 3842 444
594 3776 764 3843 deformis
786 3778 827 3842 ab
852 3775 864 3842 ἰ
885 3777 985 3860 stirpe
1007 3775 1160 3842 derivatis
1187 3795 1292 3858 panea
1312 3775 1414 3840 diuam

310 3882 342 3942 84
373 3875 511 3960 primum
541 3875 669 3958 quidem
701 3881 771 3955 μίν
805 3875 993 3956 8888884444,
1027 3874 1117 3940 euius
1149 3875 1305 3956 originem
1324 3889 1415 3954 supra

311 3976 507 4058 (8144688.)
530 3973 594 4038 ianr
617 3973 760 4056 exposui,
784 3993 859 4040 usus
881 3993 1011 4056 prorsus
1032 3972 1119 4038 idern
1142 3979 1191 4041 est
1210 3981 1307 4056 atque
1320 3965 1414 4036 Latini
