3020 4878
315 373 374 434 134
825 371 913 428 Canes

312 548 456 634 pluribus
477 548 556 612 locis
577 568 642 612 non
665 546 834 614 dissentire
856 568 919 612 non
949 477 1091 630 paisant.
1137 546 1177 612 dc
1208 566 1271 629 qna
1291 565 1325 610 rc
1343 547 1411 611 intra

312 647 407 731 plura
428 645 542 710 dicam.

382 748 427 832 ,3·
472 745 541 810 Hae
570 744 665 830 igitur
693 749 767 808 sunt
795 710 885 826 leges
914 745 954 810 de
986 745 1096 810 enciisi
1126 751 1158 809 et
1186 744 1411 808 crtbotoncsia

313 845 473 910 veteribus
500 843 716 926 grammaticis
743 842 895 922 traditae,
926 843 967 908 de
994 863 1126 925 quarum
1154 845 1299 926 piurimis
1319 861 1412 906 omncs
1489 899 1493 943 ρ

312 942 395 1007 inter
409 961 445 1008 sc
460 941 671 1007 consentiunt.
701 941 792 1006 nobis
814 942 963 1022 quioniam
985 961 1040 1006 eas
1062 942 1201 1006 breviter
1216 942 1412 1026 exposuimus,

313 1041 377 1106 iam
420 1040 606 1122 quaestio
650 1040 794 1120 oritur,
839 1045 1038 1126 quatenus
1075 1039 1116 1104 in
1152 1041 1275 1105 libris
1316 1060 1412 1104 maon
1491 1075 1492 1117 3

313 1138 482 1221 scriptis
509 1138 612 1202 iliae
635 1138 881 1203 observatae
903 1138 966 1203 sint
988 1144 1123 1218 atquae
1150 1139 1231 1202 ratio
1261 1137 1301 1202 de
1328 1138 1368 1202 cis
1387 1137 1412 1200 in
1490 1171 1491 1192 ι

314 1235 508 1303 editionibus
530 1234 694 1316 sequenda
722 1235 771 1299 sit.
815 1255 890 1299 nam
913 1255 1043 1318 sperare
1066 1254 1130 1298 non
1159 1255 1325 1318 possumus
1344 1234 1412 1300 nodi·

250 1335 254 1344 '
314 1355 384 1400 eum
414 1333 661 1417 discrepantiam
689 1333 722 1396 in
750 1334 868 1399 talibus
896 1333 990 1398 rebus
1024 1352 1088 1396 non
1117 1353 1267 1415 magnam
1295 1333 1412 1397 futuram

315 1451 386 1499 esse
414 1432 460 1497 cis
489 1430 674 1514 praesertim
706 1431 800 1513 locis,
829 1432 942 1514 quibus
971 1430 1030 1515 ipsi
1061 1433 1259 1514 grammatici
1286 1432 1364 1496 inter
1386 1450 1413 1495 sc

315 1528 534 1594 dissenserint.
569 1528 626 1592 scd
650 1548 720 1592 cnm
744 1529 785 1593 ad
808 1530 868 1593 boc
888 1530 1029 1594 intentus
1051 1528 1084 1594 in
1105 1530 1250 1594 ¹earmina
1265 1529 1414 1594 Homerica

316 1629 492 1693 accuratius
527 1610 734 1708 inq'nirerem,
773 1626 836 1692 duo
867 1628 976 1692 inveni
1012 1627 1182 1692 formarum
1218 1648 1350 1711 genera,
1383 1627 1413 1691 dc
1488 1640 1492 1688 t

315 1725 429 1808 quibus
445 1731 477 1789 ct
498 1725 621 1789 librarii
636 1731 668 1790 et
681 1725 879 1807 grammatici
901 1725 1039 1792 maxime
1054 1725 1219 1791 dubitasse
1234 1727 1423 1822 viderentur,

235 1839 238 1852 ¹
316 1823 451 1908 primum
474 1841 576 1902 genus
599 1829 647 1887 cst
668 1842 775 1887 earum
799 1823 986 1903 formarum,
1009 1843 1092 1905 quae
1113 1829 1279 1888 accentum
1301 1843 1355 1906 per
1374 1841 1414 1887 cn·
1491 1881 1492 1914 ρ

316 1921 407 1986 clisin
437 1941 501 1985 non
529 1939 659 2003 prorsus
687 1919 842 1999 abiciunt,
881 1922 936 1987 sed
972 1925 1111 1991 mutant,
1150 1921 1285 1986 aiterum
1313 1941 1413 1996 eamn,
1490 1943 1492 1996 3

317 2039 399 2102 quae
421 2039 441 2084 a
462 2019 561 2102 stirpe
590 2041 648 2083 cra
677 2017 841 2084 derivatae
862 2026 945 2084 sunt.
991 2018 1167 2100 dequibus
1190 2019 1340 2102 deinceps
1363 2019 1416 2082 iam

316 2136 419 2202 pauca
441 2114 577 2181 dicenda
597 2122 681 2181 sunt.

401 2234 430 2278 a.
467 2214 639 2278 formarum
660 2213 756 2296 igitur
778 2207 900 2299 ἡμέας,
927 2208 1018 2300 ἡμῖν,
1041 2209 1118 2296 ὑμῖν
1141 2215 1350 2280 ortbotoncsis
1370 2213 1419 2278 cis-

318 2312 391 2377 dem
414 2311 653 2378 oondicionibus
676 2311 910 2394 circumscripta
932 2317 996 2394 ost,
1025 2307 1104 2394 ouras
1134 2333 1230 2395 snpra
1254 2314 1288 2376 in
1311 2312 1419 2376 univcr-

318 2431 386 2475 snm
410 2409 625 2492 exposuimus.
669 2426 730 2473 neo
751 2415 859 2475 tamen
881 2429 1152 2492 supervacaneum
1176 2417 1224 2475 est
1245 2410 1279 2474 in
1301 2430 1335 2475 re
1354 2409 1420 2474 satis

318 2506 438 2580 difficili
468 2507 583 2572 afferre
612 2505 674 2570 duo
697 2506 871 2572 Herodiani
900 2507 1049 2586 iudicia,·
1068 2508 1180 2589 quibus
1208 2507 1325 2596 diserte
1350 2503 1420 2570 iliud

318 2605 528 2670 confirmatur.

361 2741 403 2806 ad
425 2744 463 2806 A
482 2744 557 2804 147:
588 2735 670 2825 ὄφρ’
697 2735 773 2826 ἥμιν
796 2736 956 2822 ἑκάεργον
979 2737 1134 2812 ἱλάσσεαι
1157 2739 1233 2830 ispo}
1256 2739 1366 2827 ῥέξας,

246 2983 251 2990 ¹
320 2892 522 2960 Herodianus
551 2893 731 2958 adnotavit:
769 2889 859 2977 ιἥμιν]
896 2889 1002 2970 οὕτως
1032 2891 1198 2974 ὀξυτόνως
1226 2895 1287 2982 τὴν
1316 2891 1421 2978 dopr-
1489 2908 1492 2921 ¹

503 2985 520 3008 (Ι

321 3015 382 3058 σαν
410 2998 470 3054 τσῦ
502 3009 594 3077 ρμιν·
629 2985 719 3076 ἁπλῆ
749 2991 844 3068 (idem
874 2991 957 3075 quod
987 2989 1162 3082 ἀντυλύττρς
1190 2992 1336 3077 κειμένη)
1370 2987 1420 3073 γάρ

321 3088 422 3159 ἔστιν.
467 3086 623 3154 ἐκτατέσν
646 3088 683 3154 δὲ
706 3091 763 3153 καὶ
785 3087 845 3175 τὴν
866 3090 1076 3154 τελευταίαν·
1111 3089 1164 3154 δεῖ
1187 3089 1250 3174 γὰρ
1274 3088 1421 3176 ῥωννύναι

319 3186 444 3269 μᾶλλον
459 3185 498 3249 τὸ
513 3185 646 3269 μέτρον.
669 3223 710 3231 -
732 3187 817 3253 idem
833 3187 875 3252 ad
890 3190 929 3250 A
944 3191 1022 3253 214:
1045 3184 1162 3273 ὕβριος
1185 3187 1299 3254 εἵνεκα
1320 3185 1422 3274 riguis·

322 3285 362 3350 σύ
387 3280 420 3348 d'
443 3284 547 3365 >ι’σχευ,
572 3289 697 3348 πείθευ
721 3282 755 3348 ‹i'
782 3281 869 3370 ἡμῖν,
897 3285 1081 3351 adnotavit:
1106 3284 1145 3349 τὸ
1169 3284 1206 3351 δὲ
1229 3280 1307 3371 ἡμῖν
1331 3281 1423 3368 ὀρθα-

320 3393 483 3447 τσνεῖται·
507 3379 775 3447 ἀντιδιέσταλται
797 3382 860 3468 γὰρ
883 3379 957 3447 ἀντὶ
979 3389 1038 3446 τσῦ
1060 3378 1140 3470 ἡμῖν
1163 3388 1292 3448 cnidon
1312 3384 1367 3448 καὶ
1386 3377 1421 3462 μὴ

321 3487 362 3566 τῇ
392 3487 435 3567 σῇ
464 3477 557 3566 ὀργῇ.
602 3487 712 3557 κακῶς
743 3469 801 3545 οὖν
826 3477 1045 3568 Ἀρίσταρχος
1076 3480 1250 3546 συστέλλει
1277 3481 1337 3569 τὴν
1364 3487 1423 3564 pta

322 3579 523 3645 Aristarchus
544 3578 648 3660 igitur,
678 3579 765 3644 cuius
788 3579 828 3644 de
852 3581 911 3644 bae
934 3599 967 3645 re
988 3578 1138 3643 iudicium
1164 3578 1246 3646 alias
1268 3601 1332 3644 non
1354 3597 1424 3643 oom-

322 3684 524 3755 memoratur,
547 3675 698 3742 hocloco
721 3683 752 3741 et
765 3700 795 3754 Ια
820 3680 858 3742 10
880 3669 960 3762 ἧμιν
982 3677 1117 3760 scripsit,
1140 3697 1211 3742 enm
1234 3699 1255 3739 α
1279 3682 1317 3742 10
1337 3672 1424 3741 verba

324 3772 400 3840 εἰπὲ
423 3775 480 3838 καὶ
502 3769 582 3859 ἡμῖν
611 3774 707 3856 longe
729 3774 822 3838 aliter
848 3774 1124 3858 interpretaretur,
1154 3780 1249 3856 atque
1271 3776 1366 3853 vulgo
1385 3771 1422 3834 fit.

261 3952 262 3958 ρ
324 3871 447 3953 deque
468 3891 502 3937 re
515 3871 753 3938 accuratissime
775 3872 840 3953 egit
855 3873 983 3936 Maxim.
999 3871 1215 3955 Sengebuseb,
1239 3874 1424 3937 Aristonicea

324 3970 460 4048 (Berlin,
487 3971 582 4049 1855,
605 3976 738 4052 progr.),
761 3990 792 4054 p.
818 3972 866 4032 tor
910 3976 1017 4034 exstat
1045 3970 1128 4035 enim
1156 3970 1197 4033 ad
1228 3994 1249 4032 α
1275 3975 1312 4035 10
1337 3967 1423 4033 adno-
