3020 4878
223 371 258 453 (le
274 401 462 468 pronominum
478 403 662 470 personalium
678 403 773 458 formis
789 411 818 458 et
834 421 885 460 usu
903 405 1053 460 Homerico.
1138 403 1198 464 159

530 829 656 906 Canon
682 833 749 910 VI.

118 1009 171 1073 ΒΕ
194 1007 520 1077 PRONOMINIBUS
542 1015 803 1082 REFLAXIVIS
828 1015 983 1098 ἐμαυτοῦ,
1007 1025 1159 1096 σεαυτοῦ,

572 1111 703 1179 ἑαυτοῦ.
718 1129 721 1136 ’

161 1261 326 1343 Perpauoa
347 1262 411 1327 iam
426 1262 564 1330 dicenda
578 1273 700 1331 restant
715 1265 755 1333 de
772 1267 932 1334 reflexivis
954 1269 1195 1352 pronominibus

85 1359 258 1442 compositis
280 1357 434 1441 ἐμαυτοῦ,
459 1368 610 1441 σεαυτοῦ,
634 1363 754 1428 ἑαυτοῦ
770 1373 840 1450 eto,
864 1365 904 1432 de
919 1367 1033 1448 quibus
1048 1377 1195 1434 accurate

86 1456 142 1538 egit
165 1457 318 1523 Lebrsius
347 1463 468 1540 quaest.
492 1479 542 1552 ep.
572 1482 603 1544 p.
630 1467 689 1524 114
704 1482 751 1545 sq.
781 1464 855 1529 illas
883 1465 979 1547 igitur
1005 1464 1124 1531 formas
1152 1467 1194 1532 ab
1312 1469 1318 1480 '

86 1555 245 1622 Homerico
281 1575 341 1621 usu
377 1556 502 1623 alienas
545 1577 616 1624 esse
653 1560 870 1626 Aristarchum
914 1569 1039 1628 secutos
1076 1563 1194 1630 diserte

86 1651 169 1718 docet
197 1654 388 1737 Apollonius
416 1675 506 1739 pron.
530 1660 591 1721 350
615 1660 679 1736 (90)
700 1677 796 1740 osq.:
839 1658 898 1724 τὸν
927 1661 988 1740 μὲν
1017 1651 1075 1726 οὖν
1101 1659 1194 1747 'Apl-

86 1773 219 1836 οταρχου
256 1750 519 1838 ἐπιμέμφεσθαί
555 1776 641 1840 φασι
676 1754 718 1818 τὰ
756 1755 909 1843 σχήματα
950 1763 1006 1834 (ευ.
1043 1759 1192 1839 ἑαυτούς,

85 1847 202 1916 ἑαυτῶν
225 1855 314 1928 eto),
337 1849 428 1915 καθὸ
450 1847 515 1937 ἀφ’
539 1851 652 1938 ἑυικῆς
675 1853 863 1934 συντάξεως
884 1861 946 1942 τῆς
967 1855 1085 1922 ἑαυτὸν
1108 1860 1194 1944 πλη-

85 1947 217 2034 θυντικὴ
247 1933 380 2032 ἐγένετο
410 1943 428 2034 ἡ
459 1948 615 2028 ἑαυτούς,
652 1951 872 2036 μάρτυράντε
908 1951 1103 2037 ἐπάγεσθαι
1134 1957 1192 2022 τὸν

86 2044 238 2132 ποιητήν,
271 2045 357 2130 παρ’
388 2039 414 2132 ᾦ
442 2045 484 2110 τὰ
511 2053 571 2112 τοῦ
596 2043 809 2136 Ἑλληνισμοῦ
841 2046 1041 2136 ἦκρλβωται,
1075 2051 1111 2118 ἐν
1140 2052 1192 2131 οἷς

85 2141 220 2208 πάντοτε
243 2143 279 2210 ἐν
304 2141 455 2210 διαλύσει
482 2143 558 2210 ε’στὶ
577 2146 620 2209 τὰ
641 2153 752 2231 τρίτα,
786 2143 912 2228 ὁμοίως
940 2159 1013 2226 τοῖς
1042 2149 1192 2234 πρώτοις

84 2239 133 2304 καὶ
154 2241 334 2325 δευτέροις.
377 2261 482 2325 neque
510 2244 576 2307 ullo
604 2246 674 2309 loeo
697 2245 730 2309 in
753 2245 882 2311 Homeri
904 2245 1098 2313 torminibus
1120 2268 1193 2314 oon-

83 2340 194 2407 iectura
214 2361 295 2424 opus
317 2346 381 2422 est,
407 2349 442 2407 ut
464 2342 544 2406 haee
566 2344 677 2424 regula
699 2344 894 2410 observetur.
938 2345 1085 2411 omnibus
1107 2347 1191 2412 enim

83 2438 167 2519 locis,
196 2440 310 2522 quibus
337 2440 457 2506 formae
485 2440 681 2524 compositae
708 2441 741 2505 in
768 2441 932 2508 nonnullis
954 2443 1117 2523 codicibus
1139 2465 1193 2510 ex·

84 2543 174 2620 sant,
209 2545 265 2603 aut
302 2536 477 2603 accusativi
506 2551 595 2617 sunt,
634 2539 688 2620 qui
716 2537 868 2604 facillime
900 2537 1067 2606 seiunctim
1096 2543 1193 2607 soribi

84 2642 219 2718 possunt,
253 2643 289 2700 ut
316 2639 355 2700 A
376 2638 436 2699 271
469 2632 629 2716 ἐμαυτόν,
663 2639 693 2699 Ρ
711 2641 769 2699 551
801 2635 940 2724 ἑαυτήν,
968 2647 1024 2704 aut
1046 2642 1192 2722 genetivi

84 2734 262 2814 possessivi,
292 2735 346 2815 qui
374 2735 408 2798 in
430 2733 621 2816 pronomina
642 2735 825 2817 possessiva
846 2744 878 2804 ot
902 2737 1069 2818 genetivus
1091 2735 1192 2814 αὐτός
1229 2759 1247 2782 τ

21 2901 23 2906 ,
84 2833 269 2910 pronominis
302 2831 402 2896 dividi
435 2838 583 2914 possunt,
621 2837 655 2896 ut
689 2833 806 2911 5185:
841 2833 884 2897 τὰ
918 2827 1041 2900 ταύτοῦ
1075 2833 1191 2920 κήδεα.

83 2931 219 3008 permulti
239 2930 346 2997 autem
369 2937 450 2996 sunt,
464 2929 536 3010 loci,
559 2929 673 3011 quibus
690 2922 802 3008 αὑτοῦ,
825 2927 925 3015 αὐτῷ,
948 2927 1048 2997 ἀὑτόν
1070 2932 1192 2999 formae

84 3033 131 3089 out
150 3027 180 3090 in
202 3027 294 3093 libris
315 3027 453 3093 traditae
474 3033 548 3092 sunt
569 3034 625 3092 aut
639 3048 659 3091 a
674 3027 838 3092 nonnullis
852 3029 1013 3095 veteribus
1033 3048 1190 3111 gramma-

84 3122 155 3203 ticis,
174 3124 206 3190 in
230 3127 281 3191 his
296 3147 317 3191 a
331 3126 515 3191 Ptolemaeo
531 3126 726 3205 Ascalonita,
751 3125 865 3207 quibus
881 3127 1070 3210 Apollonius
1093 3132 1189 3212 (synt.

86 3223 147 3284 141.
168 3243 256 3304 pron.
281 3227 339 3290 361
364 3227 460 3302 [101])
486 3224 661 3290 Aristarchi
682 3223 871 3290 auctoritate
892 3224 981 3289 nisus
1003 3225 1190 3310 refragatur,

84 3318 208 3401 scriptae
236 3341 307 3388 esse
335 3322 493 3406 feruntur,
527 3322 641 3404 quibus
668 3323 747 3388 locis
775 3322 923 3388 omnibus
951 3323 1080 3407 spiritus
1108 3325 1191 3389 lenis

84 3417 257 3484 scribendus
279 3426 343 3502 est,
375 3427 410 3484 ut
438 3420 502 3484 sint
522 3419 644 3486 formae
666 3417 767 3497 αὐτός
789 3421 1002 3504 pronominis,
1035 3421 1121 3504 quod
1143 3443 1191 3488 re-

84 3511 219 3584 flexivam
233 3518 299 3582 vim
322 3517 443 3584 habere
465 3517 607 3601 potuisse
630 3539 727 3602 supra
744 3523 787 3602 (p.
805 3521 877 3594 157)
901 3520 965 3583 iam
980 3517 1057 3584 dixi.
1087 3541 1191 3605 pauca

85 3611 228 3682 sufficiant
250 3617 411 3699 exempla,
434 3635 517 3698 qnae
538 3616 710 3700 Apollonio
732 3616 846 3683 debeo.

87 3767 171 3832 1341
189 3789 250 3852 sq.:
273 3805 316 3815 -
338 3767 416 3834 ἐπεὶ
439 3765 534 3844 ὅστις
556 3765 640 3856 ἀνὴρ
663 3765 796 3854 ἀγαθὸς
819 3771 877 3835 καὶ
898 3754 1061 3857 ἒχέφριου,

153 3933 154 3938 ,
271 3867 332 3955 τήν
355 3862 457 3932 αὐτοῦ
479 3868 591 3953 φιλέει
613 3869 671 3932 καὶ
693 3865 841 3951 κήδεται.

88 3999 175 4076 llio
189 4021 248 4083 sq.:
270 4007 356 4087 μέγα
378 4003 440 4085 μὲν
463 4003 560 4077 κλέος
582 3997 666 4088 αὐτῇ
685 4003 691 4074 1
710 4000 850 4068 ποιεῖτ’.
957 4062 962 4067 .
