3020 4878
214 388 247 442 de
264 385 452 458 pronominum
470 389 651 458 personalium
666 388 761 443 formis
779 391 806 442 et
825 404 876 444 usu
893 387 1044 443 Homerico.
1125 381 1184 444 133

83 585 98 624 ν
118 564 174 625 312
188 581 251 643 sq.:
275 555 439 644 ἀργαλέον
462 518 499 625 ολ
523 558 591 625 θεά
614 564 738 643 γνῶναι
759 565 871 646 βροτῷ
894 535 1099 639 ἀντιάσαντι,

273 659 330 722 καὶ
345 654 424 739 μάλ’
438 656 722 742 inacceptum&
738 656 800 742 γὰρ
816 655 918 744 αὐτὴν
933 661 1035 724 coorti
1050 657 1185 740 iioaetgr

118 799 158 858 M
179 800 252 860 155:
274 793 408 875 βάλλον,
431 791 634 876 ἀμυνόμενοι
651 800 747 880 σφῶν
762 791 794 857 τ’
812 789 920 858 αὐτῶν
943 796 999 859 καὶ
1015 793 1183 860 κλισιάων.

81 956 155 1022 hane
181 957 284 1038 legem
307 958 417 1021 valore
439 975 570 1022 necesse
591 977 655 1021 non
678 957 795 1022 osteis
823 958 916 1038 locis,
946 957 1061 1040 quibus
1086 953 1186 1033 αὐτός

79 1073 243 1136 pronomen
267 1053 427 1120 antecedit
447 1054 626 1138 pronomini
650 1054 825 1136 personali,
849 1062 883 1120 ut

136 1195 156 1253 I
173 1193 250 1254 249:
274 1187 363 1276 αὐτῷ
378 1215 432 1255 τοι
453 1186 645 1273 μετόπισθ’
663 1187 743 1273 άχος
758 1187 904 1269 ἔσσεται,
928 1186 1006 1256 οὐδέ
1022 1215 1055 1254 τι
1070 1195 1185 1277 μῆχος.

79 1325 155 1406 quod
183 1325 347 1396 coufirmat
373 1327 564 1410 Apollonius
593 1334 676 1411 synt.
703 1331 771 1393 138.
815 1347 853 1392 ao
882 1347 922 1394 ne
950 1333 1017 1392 tum
1047 1325 1185 1409 quidem,

78 1443 141 1486 cum
163 1419 263 1500 αὐτός
285 1421 461 1508 posteriore
489 1426 558 1490 loco
581 1425 717 1508 positum
741 1433 804 1502 cst,
835 1425 946 1507 regula
974 1424 1033 1490 illa
1060 1443 1186 1507 semper

78 1522 172 1603 valet,
202 1521 260 1587 scd
287 1543 417 1604 prorsus
440 1523 565 1606 excepti
593 1530 666 1592 suut
688 1525 717 1590 ei
743 1524 820 1604 loci,
850 1523 963 1606 quibus
985 1519 1086 1600 αὐτός
1113 1541 1185 1588 con·

77 1619 210 1686 iunctum
232 1639 302 1684 cum
325 1620 434 1703 aliqua
455 1620 558 1686 torma
585 1622 806 1704 pronominum
827 1622 950 1704 primae
971 1626 1003 1687 et
1025 1620 1185 1686 secundae

78 1736 275 1799 personarum
291 1738 356 1782 nou
371 1717 413 1782 ad
435 1719 610 1785 subiectum
625 1718 827 1786 referendum
843 1725 901 1800 ost,
924 1719 945 1784 i.
961 1739 988 1784 c.
1011 1739 1075 1784 non
1091 1718 1186 1802 signi·

76 1812 140 1878 icat
163 1814 247 1880 idem
270 1815 355 1898 quod
378 1817 465 1900 apud
487 1817 678 1899 posteriores
700 1819 869 1900 scriptores
890 1817 1080 1900 pronomina
1102 1836 1184 1882 com-

77 1913 174 1994 posita
194 1919 228 1978 ut
250 1911 404 1994 ἐμαυτόν,
429 1912 579 1978 σεαυτόν.
621 1915 729 1997 itaque
750 1915 783 1979 in
806 1934 900 1980 versu
923 1940 936 1979 ι
958 1917 1036 1979 406;

220 2037 309 2152 ἧμή
332 2054 384 2126 τίς
407 2046 441 2115 o'
467 2034 567 2115 αὐτὸν
590 2055 714 2116 κτείνει
737 2048 824 2135 δόλῳ
848 2046 885 2135 ἠὲ
907 2054 1027 2136 βάμμα

79 2180 113 2247 os'
131 2187 328 2251 accusativus
351 2187 497 2252 enclitice
517 2187 641 2270 positus
663 2194 720 2252 cst.
750 2187 866 2253 similia
885 2187 1034 2269 exempla
1055 2173 1185 2270 collegit

78 2281 219 2348 Lehrsius
252 2305 283 2367 p.
310 2288 380 2350 114.
423 2303 535 2350 omnes
569 2290 676 2350 autem
710 2285 769 2350 has
800 2287 889 2366 leges
922 2285 1085 2350 constituit
1117 2285 1184 2352 Ari·

78 2381 228 2461 starchns,
259 2383 309 2447 cui
332 2382 521 2464 Apollonius
543 2386 638 2466 (synt.
665 2386 748 2464 140,«
764 2386 804 2445 24
819 2389 901 2465 sqq.)
930 2388 963 2448 et
984 2381 1185 2450 Herodianus

79 2475 126 2548 (ad
147 2483 176 2541 Κ
198 2481 259 2542 242
283 2479 324 2544 de
345 2480 448 2564 prima
469 2499 623 2562 persona,
650 2479 692 2543 ad
716 2485 735 2544 Ι
755 2483 816 2546 680
840 2479 881 2546 de
902 2481 1054 2557 secunda)
1077 2500 1186 2547 asson-

79 2575 197 2640 tiontur.
1114 2581 1121 2598 '

153 2673 211 2738 hoc
233 2672 338 2740 eidem
366 2674 426 2739 viri
454 2695 519 2739 non
547 2674 668 2740 iaciunt
696 2675 729 2738 in
757 2677 944 2759 pronomine
972 2675 1086 2742 tertiae
1113 2697 1183 2760 pcr-

79 2788 181 2852 sonae‚
214 2773 284 2839 sive
312 2773 448 2855 simplex
470 2779 519 2838 est
545 2774 613 2838 sive
633 2793 705 2838 oum
727 2768 828 2849 αὐτός
850 2773 1067 2855 echinorum,
1099 2774 1184 2856 quod

80 2867 268 2936 Aristarchus
305 2870 500 2936 orthotonice
533 2871 627 2935 scribi
664 2870 771 2952 iussit,
809 2870 836 2934 si
868 2869 1061 2940 reflexivum.
1089 2878 1183 2953 esset,

80 2967 223 3064 melitius,
246 2967 273 3032 si
297 2966 590 3058 demonstrativum.
634 2967 676 3032 ad
699 2986 810 3032 versus
831 2967 926 3049 igitur

80 3129 173 3190 2375
188 3147 250 3211 sq.:
272 3125 397 3212 χρύσεα
414 3127 450 3194 δέ
468 3125 530 3214 σφ’
548 3123 616 3194 ὑπὸ
630 3126 733 3192 κύκλα
749 3125 879 3211 ἑκάστῳ
895 3124 1049 3208 πυθμένι
1063 3131 1182 3214 θῆκεν,

271 3223 364 3311 ὄφρα
386 3223 419 3290 οἱ
441 3222 623 3307 αὐτόματοι
645 3231 744 3291 θεῖον
768 3221 923 3289 δυσαίατ’
948 3221 1076 3308 άμιῦνα,

81 3382 264 3450 Aristonicus
286 3386 469 3484 adnotavit:
507 3382 526 3472 ἡ
552 3386 671 3472 ὁιιτλῆ,
695 3382 748 3450 ὅτι
772 3383 1012 3471 ἐγκεκλιμένας
1034 3382 1184 3469 ἀναγνω-

81 3478 183 3558 στέον,
211 3482 266 3548 ἵνα
290 3485 310 3570 ῄ
335 3481 426 3570 ὄφρα
449 3481 548 3570 αὐτῷ.
592 3485 783 3567 Apollonius
811 3493 906 3570 (synt.
932 3488 1003 3565 137)
1033 3490 1064 3550 et
1085 3483 1183 3552 Hero·
1272 3535 1274 3538 -

83 3574 186 3644 dianus
206 3587 246 3658 (e.
261 3601 291 3664 g.
308 3581 350 3646 ad
373 3587 436 3646 Δ2
459 3589 491 3648 et
513 3581 556 3648 ad
581 3584 710 3661 0226),
734 3583 882 3665 quoniam
905 3584 988 3649 hanc
1009 3583 1183 3649 Aristarchi

80 3673 175 3757 legem
203 3679 385 3762 vituperant
406 3687 439 3746 et
459 3681 493 3745 in
514 3687 648 3746 accentu
675 3681 871 3762 pronominis
893 3681 1006 3747 tertiae
1027 3700 1184 3765 personae

82 3770 153 3838 haec
173 3783 293 3842 tantum
308 3786 480 3859 quaerunt:
502 3777 638 3861 primum
654 3797 736 3860 quae
753 3779 795 3844 sit
815 3777 981 3844 collocatio
1003 3780 1182 3863 verborum,

83 3867 189 3938 deindo
214 3895 289 3940 num
320 3875 493 3958 oppositio·
512 3876 645 3943 duorum
673 3876 894 3959 pronominum
922 3874 991 3959 fiat,
1023 3884 1181 3960 postremo

84 3973 175 4032 utrum
208 3966 308 4048 αὐτάς
344 3973 545 4038 subiunctum
582 3973 623 4038 sit
638 3992 771 4056 meone,
809 3974 850 4037 ab
883 3971 1068 4040 Aristarcho
1100 3995 1181 4043 oom-

1375 1425 1383 1461 Ι
