3020 4878
235 389 270 445 de
286 389 474 461 pronominum
492 389 675 461 personalium
691 387 786 446 formis
805 393 832 444 et
849 404 901 444 usu
918 387 1070 444 Homerico.
1156 383 1216 446 125

100 561 233 630 breviter
254 562 289 628 in
310 561 494 635 universum
515 560 678 644 mendum
701 567 751 628 ost
771 559 813 627 de
835 559 970 629 diversis
994 561 1217 644 pronominum

99 659 217 742 formis,
234 679 322 729 uum
343 679 453 726 eurum
474 659 561 726 aliae
583 657 732 726 enolitiou
753 665 877 725 tantum
903 665 1104 752 usurpentur,
1132 659 1218 726 aliae

100 754 306 842 ὀρθοτόνως,
334 757 420 826 aliae
441 763 576 841 utroquo
597 755 731 822 ratione
775 755 902 839 dequo
926 775 960 822 re
980 762 1130 824 aoeurate
1152 756 1218 840 egit

101 856 285 940 Apollonius
307 873 399 940 pron.
421 859 483 922 303
505 857 571 930 (43)
586 873 658 939 sqq:

180 958 207 1019 1.
230 953 430 1036 Singulae
448 953 599 1019 formae
620 951 898 1036 pronominum
920 950 1215 1035 personalium,

99 1049 270 1117 sienolisin
293 1058 328 1116 et
347 1051 567 1118 orthotuuesiu
588 1055 780 1134 appotamus,
802 1049 837 1116 iu
850 1054 976 1134 septem
998 1067 1119 1132 genera
1138 1048 1218 1114 divi·
1290 1121 1298 1142 ‚

100 1149 202 1216 denda
222 1153 310 1216 sunt.
1116 1173 1118 1178 ·

176 1267 207 1312 a
232 1247 375 1330 ,primum
396 1263 505 1328 «genus
533 1251 582 1312 ost
610 1263 719 1311 earum
749 1244 937 1327 formarum,
971 1261 1054 1327 quae
1071 1243 1216 1310 venolisin

100 1344 221 1410 omnino
252 1363 320 1410 non
352 1343 516 1426 patiuntur
542 1361 603 1410 neo
630 1348 739 1410 tamea
766 1341 937 1410 adiunotas
966 1348 1023 1407 ant
1053 1342 1218 1427 oppositas

99 1441 213 1508 habent
232 1441 320 1508 alias
340 1438 469 1518 formas,
492 1458 576 1523 quae
598 1439 745 1506 enelitioe
766 1439 915 1523 usurpari
936 1439 1069 1523 possint.
1101 1440 1136 1505 in
1157 1440 1218 1506 boe

99 1559 210 1622 grume
232 1546 311 1604 sunt
323 1557 443 1604 omnes
463 1536 728 1616 nominativi,
752 1536 807 1620 qui
828 1537 891 1604 uisi
907 1537 1060 1604 maiorem
1074 1537 1217 1621 aliquam

99 1638 159 1702 vim
179 1637 320 1718 habent,
350 1636 482 1702 omnino
501 1655 568 1702 nou
590 1640 766 1722 ponuntur,
795 1635 855 1702 sed
876 1634 1048 1702 verborum
1069 1635 1219 1702 terminu·

99 1734 232 1800 tionibus
261 1734 499 1817 signifimntur3
532 1751 628 1816 quam
654 1731 698 1796 ob
726 1751 794 1800 rem
818 1740 1069 1799 consentaneum
1092 1739 1142 1800 est
1162 1752 1218 1799 eos

99 1831 136 1896 ab
157 1832 270 1898 enoliai
291 1832 475 1898 abhorrere.
520 1830 581 1896 boo
603 1829 700 1896 etiam
722 1830 914 1914 Apollonius
933 1829 1103 1911 intellexit,
1127 1849 1217 1914 prou.

101 1932 156 1994 335
179 1933 245 2006 (45)
269 1929 308 1994 Β.
336 1965 378 1977 -
405 1927 527 1994 deindo
550 1926 680 1994 enolisis
701 1947 874 2010 numquam
896 1925 930 1992 fit
958 1928 991 1993 in
1015 1927 1126 1992 tluali
1148 1949 1218 1994 nu·

100 2046 198 2092 mero
235 2027 391 2111 primae
424 2031 459 2092 et
489 2024 696 2093 seouudae
732 2043 1010 2108 personarum,
1047 2025 1135 2092 ouius
1170 2026 1218 2092 rei

100 2131 259 2192 autentum
294 2143 423 2190 oausam
458 2141 530 2188 ease
558 2123 749 2208 Apollonius
784 2128 891 2207 putat3
926 2121 995 2190 lieri
1030 2122 1115 2188 enim
1151 2144 1217 2190 non

100 2241 197 2302 posse,
219 2227 256 2285 ut
278 2240 344 2286 vox
365 2219 525 2304 berytona
545 2220 717 2288 inolinetur
741 2225 844 2304 (pron.
867 2224 928 2286 307
952 2223 1015 2298 [47]
1038 2219 1087 2297 Β).
1132 2219 1218 2303 quod

100 2318 164 2384 sine
185 2317 286 2384 dubio
307 2323 395 2384 reate
421 2318 478 2383 ille
501 2318 695 2385 observavit
739 2318 796 2386 333
820 2319 925 2402 ipsam
953 2317 1162 2401 berytonesin
1182 2315 1219 2383 id

101 2415 247 2497 effemsse,
272 2423 308 2481 ut
328 2416 459 2486 onolisis
480 2414 547 2482 fieri
569 2435 635 2482 non
657 2422 776 2500 posset,
798 2416 855 2487 vix
875 2414 1077 2485 erediders'm.
1121 2416 1218 2482 immo

100 2533 170 2579 vero
199 2513 316 2580 eadem
350 2532 462 2594 eausa,
499 2533 582 2596 quae
615 2515 649 2580 in
682 2513 749 2580 illis
781 2513 891 2580 formis
918 2511 1157 2580 oiroumflexum
1184 2514 1219 2580 iu

100 2611 296 2692 paenultima
319 2610 448 2694 syllaba
476 2612 597 2694 posuit,
627 2610 725 2678 ubam
754 2611 890 2677 euolisiu
917 2609 1095 2695 impedivit.
1139 2611 1220 2678 baeo
1335 2675 1338 2684 ,

101 2715 200 2774 eutem
228 2727 329 2774 eausa
356 2707 483 2790 gravior
504 2707 663 2790 quaedam
689 2707 933 2792 signifieationis
959 2708 1010 2774 vis
1037 2708 1134 2774 luisse
1162 2729 1220 2793 pu·

101 2804 195 2872 unda
222 2807 323 2878 est¹⁰t
359 2837 403 2852 --
444 2813 604 2888 postremo
634 2806 730 2873 etiarn
758 2827 780 2872 a
806 2805 1014 2888 genetivis
1041 2805 1219 2889 pluralis

102 2903 234 2984 numeri,
264 2895 403 2986 ἡμείων,
431 2895 556 2988 ἡμέων,
580 2897 716 2984 ὑμείων,
744 2897 856 2984 ὑμέων
879 2902 1009 2970 enalisis
1029 2904 1138 2970 aliena
1159 2909 1218 2970 ost.

102 3019 289 3083 quamquam
311 2998 397 3066 euim
419 2999 611 3083 Apollonius
632 3018 724 3084 pron.
740 3003 801 3065 337
818 3004 882 3078 (47)
906 2999 941 3081 O,
963 3000 1019 3066 ubi
1041 2999 1082 3066 de
1104 3019 1218 3066 vorum

102 3096 329 3182 barytouarum
351 3096 560 3164 inolinatione
582 3097 667 3182 agit,
695 3095 808 3184 ἡμέων
829 3097 1013 3180 genetivum
1036 3097 1220 3165 enolitioum

104 3213 170 3262 esre
203 3213 303 3280 posse
338 3193 496 3278 signifieat
530 3197 635 3280 magis
669 3214 766 3278 quam
802 3194 898 3262 oertis
930 3194 1039 3264 verbis
1075 3193 1168 3262 dooet
1176 3197 1220 3276 ¹¹),

108 3349 299 3360 ψ

167 3430 198 3496 ¹⁰)
214 3428 337 3484 conredo
355 3429 409 3484 hoo
419 3429 505 3500 paulo
522 3429 666 3486 obscurius
682 3430 785 3484 motum
802 3444 871 3485 esse.
907 3429 957 3484 sed
975 3430 1036 3498 ipsu
1051 3427 1100 3483 ills
1116 3428 1219 3497 signifi·

104 3509 212 3564 cabonis
229 3509 363 3578 gravitas,
386 3509 420 3564 ‹le
437 3525 492 3578 qua
508 3509 572 3574 dixi,
590 3510 685 3566 sentiri
700 3511 785 3579 magia
803 3523 883 3578 quam
900 3513 1031 3564 accurate
1047 3508 1153 3563 deliniri
1170 3525 1219 3579 po·

104 3593 159 3643 test.
191 3589 246 3647 luit
261 3595 365 3654 tamem
382 3589 411 3644 nl
426 3590 515 3656 fallor,
540 3590 632 3660 eliqua
647 3591 676 3644 in
692 3589 787 3645 formis
803 3589 908 3646 numeri
925 3589 1022 3652 dualis,
1044 3589 1091 3658 qui
1106 3605 1162 3644 non
1180 3591 1219 3645 ita

105 3683 179 3738 saepe
196 3685 246 3724 nec
263 3670 323 3724 siue
340 3671 451 3739 propria
468 3669 585 3739 quadam
600 3671 627 3724 vi
644 3670 743 3726 diserte
754 3670 963 3738 exprimebatur.
986 3669 1017 3724 lu
1029 3670 1111 3726 tertia
1128 3675 1221 3728 autem

105 3763 214 3816 persona
235 3749 310 3820 quod
327 3751 420 3806 eadem
436 3751 613 3807 3333331ὶεί3
630 3767 686 3808 nou
702 3749 853 3820 impedivit,
875 3750 968 3806 mirari
989 3765 1044 3804 uon
1067 3757 1220 3820 mummia,

106 3831 224 3894 quonlam
240 3831 350 3886 omnino
363 3831 468 3888 formae
484 3830 651 3902 pronominis
667 3831 764 3886 tertiae
780 3845 913 3900 personae
926 3831 1066 3886 ¹breviores
1082 3837 1130 3888 aut
1147 3838 1220 3898 uerte

105 3907 210 3966 leviores
224 3913 292 3966 suut
309 3925 390 3979 qnam
411 3912 514 3980 primae
530 3919 559 3966 et
576 3911 719 3967 secunise.

169 3993 199 4057 ¹¹)
224 3990 292 4048 dicit
314 3991 387 4046 euim
404 3991 484 4048 haeoz
512 3988 544 4045 οὗ
561 3989 700 4062 μάχονται
724 3997 772 4057 (33.
790 3994 830 4062 τῷ
846 3989 933 4062 μηδὲν
953 3989 1055 4063 μόριον
1072 3990 1221 4062 ἐγκλιτικὸν
