3020 4878
929 297 939 326 Ι

310 396 369 456 140
819 398 906 456 caum

303 573 400 652 22¹3
413 589 478 654 sm:
499 569 648 655 Μέντορ,
658 568 704 658 μή
723 567 758 636 o'
770 567 912 636 irrisum
927 575 1230 656 παραιπεπίθῃσιν
1242 567 1408 648 Ὀδυσσεὺς

499 667 727 755 μνηστήρεσσι
747 667 930 752 μάχεσθαι,
953 665 1157 752 ἀμυνέμεναι
1177 667 1213 736 δὲ
1231 667 1266 735 σῖ
1281 667 1407 756 urium,

305 823 433 888 prorsus
454 826 517 871 uon
534 805 758 888 intellegimus,
782 806 931 889 quoniam
953 806 1065 871 hurum
1076 807 1228 872 donorum
1244 806 1354 872 eadem
1369 813 1409 872 est

304 904 385 969 ratio
398 911 504 988 ‚atque

304 1044 334 1108 E
355 1045 394 1106 63
410 1061 474 1124 sq.:
508 1035 722 1126 ἀρχεκάκους,
746 1043 782 1106 αἲ
803 1047 890 1108 πᾶσι
914 1039 1016 1108 κακὸν
1042 1038 1197 1124 Τρώεσσι
1219 1037 1354 1124 μὲνσνσσ

506 1136 541 1204 οἶ
561 1135 595 1200 τ’
620 1135 719 1223 αὐτῷ,
743 1137 820 1206 ἐπεὶ
843 1134 882 1206 od
904 1164 937 1203 τι
959 1145 1052 1224 θεῶν
1076 1139 1112 1204 ἒκ
1136 1135 1299 1226 θέσφατα
1322 1133 1392 1224 ᾔδη,
1496 1170 1497 1175 ’

302 1276 386 1340 huno
409 1282 515 1342 autem
537 1295 664 1342 versum
688 1281 751 1352 (64)
773 1277 975 1342 Aristaruhus
991 1277 1092 1344 eieeit.
1123 1274 1276 1340 Lehrsius
1292 1275 1409 1357 quidem
1495 1303 1496 1308 ¹

302 1377 345 1456 (p.
373 1377 443 1448 117)
473 1382 564 1457 putat
594 1375 693 1439 verba
722 1371 755 1438 oi
776 1371 809 1436 r’
835 1371 940 1460 αὐτῷ,
970 1375 1045 1458 quia
1072 1374 1133 1438 hoe
1159 1373 1230 1438 loeo
1258 1375 1300 1438 ab
1328 1374 1409 1438 initio

301 1489 412 1542 versus
439 1472 544 1554 posita
572 1473 651 1551 siut,
684 1472 836 1538 maiorem
858 1476 922 1538 vim
951 1474 1086 1552 habere,
1116 1491 1199 1554 quae
1220 1471 1352 1552 effioiat,
1381 1477 1409 1534 ut

301 1567 409 1654 ἑαυτῷ
444 1570 598 1636 sentiatur
633 1577 665 1636 et
696 1571 911 1654 intellegatur.
970 1571 1097 1636 atheo
1132 1570 1237 1652 ipsum
1272 1577 1321 1635 est
1346 1569 1408 1632 Ari-

299 1667 466 1733 staroheae
487 1667 620 1734 rationis
643 1673 777 1750 πριῦτσν
799 1670 938 1752 ψεῦδος,
960 1668 1044 1752 quod
1060 1667 1230 1732 discrimen
1246 1666 1410 1732 reflexirae

300 1771 332 1831 ot
360 1764 631 1831 demonstrativae
660 1766 899 1850 significationis
926 1769 960 1833 in
989 1756 1110 1833 maiore
1137 1771 1192 1830 aut
1219 1765 1341 1830 minore
1372 1767 1409 1846 vi,

299 1881 362 1946 qua
383 1882 559 1947 pronomen
581 1864 967 1948 aliquodprouuntietur,
991 1865 1128 1948 positum
1152 1880 1223 1928 esse
1245 1862 1408 1943 existimat,

298 1981 369 2028 eum
398 1961 480 2028 duae
507 1962 585 2028 illae
613 1962 861 2045 signifieationos
892 1963 963 2046 ipsa
997 1969 1112 2052 natura
1144 1960 1314 2026 distinotae
1341 1962 1408 2026 siut

298 2059 426 2126 diversa
460 2079 539 2125 sane
572 2067 647 2126 suut
680 2081 816 2144 genera,
852 2081 917 2126 nou
946 2060 1063 2126 diversi
1092 2059 1126 2124 iu
1155 2058 1270 2124 eodem
1297 2077 1410 2142 genere

296 2157 425 2240 gradus.
470 2227 473 2232 Δ
906 2213 909 2220 .

382 2277 465 2339 quae
487 2276 558 2322 oum
580 2256 626 2322 ita
647 2256 725 2336 sint,
753 2256 858 2321 faeere
879 2275 944 2321 non
969 2275 1114 2341 possum,
1143 2255 1219 2338 quin
1242 2254 1409 2338 Apollonio

298 2359 330 2420 et
352 2352 536 2420 Herodiano
558 2373 709 2420 assensus
724 2353 766 2420 de
788 2354 983 2438 pronominis
998 2353 1111 2418 tertiae
1133 2372 1291 2436 personae
1311 2353 1410 2418 ortho-

296 2452 401 2516 touesi
430 2452 536 2516 nullas
565 2451 646 2516 alias
673 2452 763 2536 leges
785 2471 856 2518 esse
883 2459 991 2536 putem
1014 2469 1107 2532 quam
1133 2450 1174 2516 de
1201 2450 1314 2516 ueteris
1342 2471 1409 2534 pro-

295 2549 477 2636 nominibus
498 2549 732 2631 personalibus.

740 2921 865 3000 Carnu
891 2921 956 2997 IV.

532 3111 592 3176 DE
613 3114 667 3174 roi
689 3107 961 3176 PARTIOULAE
984 3106 1175 3174 ORIGINE.

378 3279 498 3362 lithini,
536 3281 589 3361 qui
617 3279 745 3360 dieitur,
776 3278 876 3343 dativi
904 3298 979 3343 usus
1007 3297 1199 3361 quamquam
1227 3281 1409 3346 notissimus

292 3385 481 3459 esttamen
503 3397 608 3460 pauoa
631 3378 671 3442 de
693 3397 731 3442 eo
753 3377 814 3442 hoe
835 3378 906 3441 loeo
929 3375 1115 3441 dioere'nuu
1138 3395 1408 3459 supervacaneum

290 3475 411 3560 putavi,
433 3475 580 3540 nomilia
602 3474 729 3557 quidem
751 3475 806 3557 ita,
830 3481 864 3539 ut
885 3491 980 3558 omne
1001 3472 1062 3538 hou
1082 3473 1161 3539 artis
1181 3477 1408 3556 grammaticae

361 3685 391 3749 ¹⁷)
410 3683 507 3738 dixerit
523 3683 640 3739 fortasse
657 3681 753 3752 aliquis
778 3681 908 3737 hocloco
927 3682 1114 3737 Aristarchum
1132 3682 1165 3736 de
1186 3682 1317 3738 indirecto
1342 3701 1407 3752 quo·

290 3765 352 3820 dam
369 3765 536 3834 pronominis
553 3764 672 3819 reflexivi
690 3761 892 3830 usucogitesse
915 3764 1012 3818 etheo
1030 3779 1114 3818 causa
1130 3767 1293 3818 commotum
1311 3755 1341 3815 ιῖ
1359 3780 1406 3833 po-

289 3846 377 3902 suisse
395 3842 561 3915 optativus.
589 3853 618 3899 et
635 3859 721 3914 neque
738 3843 897 3898 indirectum
913 3843 990 3898 illum
1007 3861 1086 3900 usum
1105 3850 1153 3898 aut
1167 3844 1342 3899 Aristarchus
1360 3849 1407 3898 aut

289 3925 337 3981 alii
353 3931 456 3980 veteres
472 3925 639 3994 grammatici
657 3941 770 3994 usquam
788 3931 1075 3991 commemoraverunt,
1093 3939 1179 3992 neque
1196 3925 1248 3978 hoo
1265 3939 1405 3992 argumen-

290 4012 347 4062 tum
364 4006 497 4075 quadrare
513 4013 604 4075 potest
620 4007 648 4061 iu
666 4006 780 4060 alterum
796 4006 886 4060 losum
904 4022 921 4060 u
937 4021 981 4062 me
997 4021 1082 4075 supra
1099 4006 1219 4070 allatum,
1240 4009 1262 4060 0
1280 4010 1338 4060 226.
