3020 4878
312 397 371 459 132
467 367 469 380 Ι
820 401 909 454 canor

308 567 522 652 δντωνομιῶν
545 569 727 649 πτώσεσιν)
759 567 869 658 ὀρθῆς
897 570 1041 650 τάσεως,
1071 571 1157 638 ἐπὰν
1181 571 1327 658 ἔμφασις
1347 570 1406 636 ἑτέ-

309 693 368 752 ρου
392 667 579 752 προσώπου
602 668 921 755 παραλαμβάνηται·
950 667 1073 754 τὸγὰρ

393 805 500 870 παῖδα
524 802 557 869 δ’
582 802 894 887 &portunensem
918 803 1062 871 λύσαιτε.
1086 809 1124 870 A
1146 809 1214 901 2οηΙ
1300 841 1308 846 -

309 940 440 1028 εἴρηται
462 942 549 1027 πρὸς
572 940 610 1006 τὸ

392 1073 470 1160 ὑμῖν
492 1079 553 1159 μὲν
576 1076 654 1142 θεοὶ
679 1076 781 1155 δοῖεν,

308 1217 365 1280 καὶ
395 1215 503 1301 σαφὲς
533 1211 585 1278 ὅτι
613 1212 651 1277 τὸ
681 1209 757 1294 ὑμῖν
785 1213 846 1294 μὲν
869 1215 949 1278 θεοὶ
981 1213 1070 1278 δοῖεν
1096 1211 1152 1277 διὰ
1175 1220 1238 1300 τῆς
1261 1210 1411 1298 συνούσης

307 1311 437 1389 τάσεως
459 1316 703 1398 προσυνίστησι
725 1310 764 1376 τὸ
786 1308 1141 1398 ἀνθοπαχδησόμενον
1163 1313 1357 1398 πρόσωπον.
1377 1347 1411 1354 -

308 1419 447 1479 oeterum
469 1431 533 1475 non
556 1406 657 1494 parva
678 1411 711 1473 in
734 1409 795 1475 han
822 1429 856 1474 re
884 1417 980 1492 poeta
1001 1413 1099 1476 utitur
1126 1412 1270 1494 lieentia,
1305 1412 1330 1476 si
1357 1410 1412 1492 qui-

308 1510 380 1575 dem
403 1529 522 1589 versus,
546 1527 639 1599 quem
661 1508 813 1584 Lehrsius
835 1512 878 1589 (p.
905 1512 975 1586 112)
997 1509 1101 1591 affert,
1128 1513 1162 1572 Ψ
1180 1513 1252 1590 724,

663 1637 678 1663 'l

393 1641 415 1730 ἤ
437 1641 474 1725 μ’
500 1640 632 1727 ἀνάειρ’
657 1669 676 1730 η
701 1641 766 1727 ἐμοῦ
790 1640 846 1707 σέ·
874 1641 915 1705 τὰ
939 1640 972 1707 δ’
997 1633 1039 1709 αὗ
1060 1649 1118 1710 Διὶ
1141 1647 1252 1712 πάντα
1274 1641 1412 1726 μελήσει,

308 1801 508 1864 nequaquam
532 1782 658 1844 unioum
688 1779 869 1862 exemplum
894 1785 957 1860 est,
981 1773 1048 1862 ‘quo
1072 1781 1305 1848 demonstretur
1328 1781 1413 1846 etiam

309 1879 472 1945 enolitioas
494 1880 611 1965 formas
633 1875 668 1944 ἐν
693 1875 854 1962 διαστολῇ
877 1879 1022 1960 usurpari
1044 1900 1148 1962 posse.
1179 1902 1253 1946 nam
1276 1880 1331 1943 illo
1353 1879 1414 1959 qui·
1498 1951 1499 1954 Ἴ

309 1977 381 2064 dem
409 1978 480 2042 looo
508 1971 590 2062 αἷμ’
612 1974 707 2040 laoile
736 1975 849 2038 mutari
878 1981 983 2058 potest
1011 1978 1043 2041 in
1067 1973 1139 2060 ἠμί,
1173 2000 1231 2061 per
1258 1979 1360 2042 orasin
1381 1996 1415 2040 en
1497 1981 1499 2048 l

308 2066 400 2161 οἶδμ’
424 2083 542 2156 ortum,
566 2073 650 2157 quod
673 2073 792 2155 placuit
813 2071 956 2136 Habroni
980 2081 1011 2138 et
1026 2076 1197 2158 Apollonio
1221 2079 1315 2159 (synt.
1341 2077 1415 2152 126),
1498 2053 1499 2098 t

308 2173 421 2256 quibus
442 2172 593 2238 Lehrsius
621 2171 768 2236 assentiri
798 2168 932 2234 videtur.
956 2177 1011 2250 ¹at
1031 2171 1204 2237 Bekkerus
1228 2173 1263 2237 in
1291 2173 1416 2242 adnota-

307 2273 394 2336 tione
416 2269 457 2335 ad
483 2272 517 2331 Ψ
530 2273 591 2333 724
613 2268 744 2349 ablegat
766 2288 824 2331 nos
846 2267 889 2332 ad
910 2273 940 2329 Φ
957 2271 1034 2333 226:
1058 2317 1189 2335 ......
1213 2274 1416 2364 πειρηθῆναι

393 2403 555 2491 ἀντιβίην,
578 2398 600 2488 η’
623 2402 680 2468 κέν
701 2427 742 2484 με
767 2399 986 2483 δαμάσσεται,
1009 2399 1031 2489 ἤ
1054 2429 1110 2470 κεν
1133 2403 1199 2489 ἕνα)
1222 2405 1290 2484 τόν,

308 2543 363 2606 ubi
398 2548 575 2606 correotura
612 2537 769 2603 diffieilior
801 2544 859 2603 est.
904 2557 963 2603 neo
999 2546 1076 2622 puto
1109 2541 1182 2625 tali,
1221 2562 1303 2624 quae
1331 2541 1418 2605 nobis

308 2638 449 2720 videtur,
472 2638 602 2704 lieentia
624 2657 683 2701 nos
706 2635 824 2701 offendi
847 2642 1007 2718 oportere,
1031 2639 1180 2719 quoniam
1204 2639 1359 2704 Homerus
1381 2637 1417 2703 ad

308 2736 517 2822 opponendas
552 2737 636 2801 inter
671 2755 706 2800 se
739 2734 818 2798 duas
853 2753 1007 2817 personas
1038 2736 1133 2800 etiam
1168 2738 1245 2802 solis
1277 2737 1417 2803 termina·

307 2837 448 2902 tionibus
476 2835 643 2900 verborum
675 2833 721 2897 nti
749 2832 870 2912 audet,·
896 2852 978 2914 quae
1010 2840 1094 2898 certe
1122 2836 1223 2900 multo
1253 2835 1418 2901 debiliores
1500 2869 1501 2886 ι

309 2941 383 3001 sunt
405 2953 498 3017 quam
521 2932 742 3016 pronominum
764 2931 885 2996 formae
907 2930 1083 3014 enolitioae,
1106 2937 1135 2996 Σ
1155 2936 1216 2998 306
1232 2953 1330 3016 sqq.:·

715 3115 942 3132 ..........
966 3060 1006 3130 οδ
1027 3091 1084 3148 μιν
1107 3065 1211 3152 ἔγωγε

393 3164 561 3254 φεύξομαι
581 3163 620 3231 ἐκ
641 3161 819 3246 πολέμοιοΙ
832 3164 1004 3251 δυσηχέος,
1027 3157 1110 3229 ἀλλὰ
1132 3162 1213 3247 μάλ’
1238 3161 1340 3253 ἄντην

394 3263 574 3351 στήσομαι,
599 3259 620 3350 ἢ
643 3287 680 3327 κε
704 3259 829 3348 φέρῃσι
850 3261 937 3346 μέγα
960 3262 1083 3348 κράτος
1105 3260 1126 3350 ἤ
1148 3288 1186 3328 κε
1210 3268 1387 3350 φεροίμην.

393 3421 501 3494 restat,
524 3419 559 3476 ut
580 3432 635 3476 eas
656 3411 745 3491 leges
766 3413 876 3494 pauois
889 3411 1056 3494 illustrem,
1080 3429 1159 3494 quas
1174 3411 1215 3476 de
1237 3412 1418 3494 pronomine

309 3512 533 3596 epitagmatioo
548 3506 649 3586 αὐτός
665 3516 696 3574 et
711 3509 752 3573 de
769 3517 901 3574 aooentu
924 3510 1120 3594 pronominis
1141 3509 1255 3574 tertiae
1269 3527 1419 3592 personae

309 3617 434 3676 veteres
455 3607 654 3692 grammatici
676 3606 915 3672 constituerunt.
946 3643 983 3654 -
1013 3627 1124 3672 omnes
1146 3606 1242 3688 igitur
1267 3605 1419 3690 pronomi-

309 3729 386 3771 num
422 3705 635 3790 personalium
667 3703 804 3784 iormae,
842 3707 955 3787 quibus
991 3701 1092 3781 αὐτός
1128 3704 1330 3770 subiunotum
1366 3709 1417 3780 est,

311 3801 505 3889 ὀρθοτόνως
536 3799 789 3886 pronuntiandas
822 3821 893 3867 esse
923 3803 1114 3885 Apollonius
1149 3821 1239 3887 pron.
1264 3805 1326 3866 306
1361 3801 1418 3878 (46)

310 3902 466 3985 exposuit.
510 3900 597 3964 onius
624 3919 700 3963 usus
728 3901 876 3981 exempla
902 3899 1016 3965 afferre
1044 3917 1234 3980 quamquam
1264 3898 1319 3962 vix
1345 3915 1418 3981 opus

311 4007 368 4081 est,
391 4005 497 4064 tamen
520 4016 623 4082 pauoa
644 3995 808 4078 adseripsi.
852 4029 859 4044 ·
