<?xml version="1.0" encoding="UTF-8"?>
<!DOCTYPE html PUBLIC "-//W3C//DTD XHTML 1.0 Transitional//EN"
    "http://www.w3.org/TR/xhtml1/DTD/xhtml1-transitional.dtd">
<html xmlns="http://www.w3.org/1999/xhtml" xml:lang="en" lang="en">
 <head>
  <title>
</title>
<meta http-equiv="Content-Type" content="text/html;charset=utf-8" />
  <meta name='ocr-system' content='tesseract 3.04.00' />
  <meta name='ocr-capabilities' content='ocr_page ocr_carea ocr_par ocr_line ocrx_word'/>
</head>
<body>
  <div class='ocr_page' id='page_1' title='image "./studienzurgriec04curtgoog_0115.png"; bbox 0 0 3020 4878; ppageno 0'>
   <div class='ocr_carea' id='block_1_1' title="bbox 592 1451 773 1530">
    <p class='ocr_par' dir='ltr' id='par_1_1' title="bbox 592 1451 773 1530">
     <span class='ocr_line' id='line_1_1' title="bbox 592 1451 773 1530; baseline 0 -2"><span class='ocrx_word' id='word_1_1' title='bbox 592 1451 717 1530; x_wconf 77' lang='lat' dir='ltr'><strong>Csrur</strong></span> <span class='ocrx_word' id='word_1_2' title='bbox 744 1455 773 1528; x_wconf 95' lang='lat' dir='ltr'><strong>I.</strong></span> 
     </span>
    </p>
   </div>
   <div class='ocr_carea' id='block_1_2' title="bbox 419 1643 948 1748">
    <p class='ocr_par' dir='ltr' id='par_1_2' title="bbox 419 1643 948 1748">
     <span class='ocr_line' id='line_1_2' title="bbox 419 1643 948 1748; baseline 0.004 -36"><span class='ocrx_word' id='word_1_3' title='bbox 419 1643 662 1748; x_wconf 76' lang='lat' dir='ltr'><strong>nonnarum</strong></span> <span class='ocrx_word' id='word_1_4' title='bbox 681 1646 948 1716; x_wconf 75' lang='lat' dir='ltr'><strong>carruccae.</strong></span> 
     </span>
    </p>
   </div>
   <div class='ocr_carea' id='block_1_3' title="bbox 108 1814 1247 3188">
    <p class='ocr_par' dir='ltr' id='par_1_3' title="bbox 108 1814 1247 3070">
     <span class='ocr_line' id='line_1_3' title="bbox 199 1814 1247 1905; baseline 0.006 -25"><span class='ocrx_word' id='word_1_5' title='bbox 199 1815 227 1880; x_wconf 95' lang='grc' dir='ltr'><strong>Ι.</strong></span> <span class='ocrx_word' id='word_1_6' title='bbox 275 1815 333 1880; x_wconf 92' lang='lat' dir='ltr'><strong>De</strong></span> <span class='ocrx_word' id='word_1_7' title='bbox 361 1814 515 1899; x_wconf 82' lang='lat' dir='ltr'><strong>primae</strong></span> <span class='ocrx_word' id='word_1_8' title='bbox 537 1835 739 1899; x_wconf 79' lang='lat' dir='ltr'><strong>personae</strong></span> <span class='ocrx_word' id='word_1_9' title='bbox 761 1837 923 1902; x_wconf 88' lang='lat' dir='ltr'><strong>numero</strong></span> <span class='ocrx_word' id='word_1_10' title='bbox 946 1818 1149 1903; x_wconf 77' lang='lat' dir='ltr'><strong>singulari</strong></span> <span class='ocrx_word' id='word_1_11' title='bbox 1175 1841 1247 1905; x_wconf 90' lang='lat' dir='ltr'><strong>per·</strong></span> 
     </span>
     <span class='ocr_line' id='line_1_4' title="bbox 109 1911 1244 2002; baseline 0.005 -24"><span class='ocrx_word' id='word_1_12' title='bbox 109 1929 219 1995; x_wconf 88' lang='lat' dir='ltr'><strong>pauca</strong></span> <span class='ocrx_word' id='word_1_13' title='bbox 250 1911 393 1980; x_wconf 82' lang='lat' dir='ltr'><strong>dicenda</strong></span> <span class='ocrx_word' id='word_1_14' title='bbox 421 1918 504 1981; x_wconf 86' lang='lat' dir='ltr'><strong>sunt.</strong></span> <span class='ocrx_word' id='word_1_15' title='bbox 558 1914 855 1983; x_wconf 82' lang='lat' dir='ltr'><strong>nominativus:</strong></span> <span class='ocrx_word' id='word_1_16' title='bbox 893 1913 988 2000; x_wconf 74' lang='lat' dir='ltr'><strong>tyrio,</strong></span> <span class='ocrx_word' id='word_1_17' title='bbox 1022 1914 1098 2000; x_wconf 73' lang='grc' dir='ltr'><strong>ἐγώ,</strong></span> <span class='ocrx_word' id='word_1_18' title='bbox 1129 1915 1244 2002; x_wconf 76' lang='lat' dir='ltr'><strong>i&#39;yroye.</strong></span> 
     </span>
     <span class='ocr_line' id='line_1_5' title="bbox 110 1996 1244 2092; baseline 0.005 -18"><span class='ocrx_word' id='word_1_19' title='bbox 110 1996 222 2092; x_wconf 69' lang='lat' dir='ltr'><strong>iyrib</strong></span> <span class='ocrx_word' id='word_1_20' title='bbox 240 2008 467 2092; x_wconf 86' lang='lat' dir='ltr'><strong>antiquissima</strong></span> <span class='ocrx_word' id='word_1_21' title='bbox 481 2009 584 2076; x_wconf 82' lang='lat' dir='ltr'><strong>forma</strong></span> <span class='ocrx_word' id='word_1_22' title='bbox 599 2017 649 2077; x_wconf 86' lang='lat' dir='ltr'><strong>est</strong></span> <span class='ocrx_word' id='word_1_23' title='bbox 662 2018 696 2078; x_wconf 86' lang='lat' dir='ltr'><strong>et</strong></span> <span class='ocrx_word' id='word_1_24' title='bbox 709 2012 875 2078; x_wconf 86' lang='lat' dir='ltr'><strong>simillima</strong></span> <span class='ocrx_word' id='word_1_25' title='bbox 889 2013 1096 2080; x_wconf 86' lang='lat' dir='ltr'><strong>sensoriticae</strong></span> <span class='ocrx_word' id='word_1_26' title='bbox 1117 2013 1166 2080; x_wconf 88' lang='lat' dir='ltr'><strong>ab</strong></span> <span class='ocrx_word' id='word_1_27' title='bbox 1175 2035 1244 2082; x_wconf 86' lang='lat' dir='ltr'><strong>am.</strong></span> 
     </span>
     <span class='ocr_line' id='line_1_6' title="bbox 108 2105 1243 2194; baseline 0.005 -22"><span class='ocrx_word' id='word_1_28' title='bbox 108 2107 202 2192; x_wconf 82' lang='lat' dir='ltr'><strong>apud</strong></span> <span class='ocrx_word' id='word_1_29' title='bbox 219 2107 396 2174; x_wconf 85' lang='lat' dir='ltr'><strong>Homerum</strong></span> <span class='ocrx_word' id='word_1_30' title='bbox 419 2107 500 2173; x_wconf 88' lang='lat' dir='ltr'><strong>baec</strong></span> <span class='ocrx_word' id='word_1_31' title='bbox 521 2105 624 2174; x_wconf 87' lang='lat' dir='ltr'><strong>forma</strong></span> <span class='ocrx_word' id='word_1_32' title='bbox 644 2108 706 2176; x_wconf 86' lang='lat' dir='ltr'><strong>nisi</strong></span> <span class='ocrx_word' id='word_1_33' title='bbox 727 2117 805 2176; x_wconf 89' lang='lat' dir='ltr'><strong>ante</strong></span> <span class='ocrx_word' id='word_1_34' title='bbox 826 2110 955 2176; x_wconf 87' lang='lat' dir='ltr'><strong>vocales</strong></span> <span class='ocrx_word' id='word_1_35' title='bbox 977 2130 1042 2176; x_wconf 91' lang='lat' dir='ltr'><strong>non</strong></span> <span class='ocrx_word' id='word_1_36' title='bbox 1063 2118 1243 2194; x_wconf 86' lang='lat' dir='ltr'><strong>usurpatur,</strong></span> 
     </span>
     <span class='ocr_line' id='line_1_7' title="bbox 109 2204 1245 2296; baseline 0.005 -26"><span class='ocrx_word' id='word_1_37' title='bbox 109 2223 184 2270; x_wconf 91' lang='lat' dir='ltr'><strong>cum</strong></span> <span class='ocrx_word' id='word_1_38' title='bbox 208 2205 248 2270; x_wconf 89' lang='lat' dir='ltr'><strong>in</strong></span> <span class='ocrx_word' id='word_1_39' title='bbox 270 2204 416 2270; x_wconf 77' lang='lat' dir='ltr'><strong>dialectis</strong></span> <span class='ocrx_word' id='word_1_40' title='bbox 438 2204 576 2271; x_wconf 85' lang='lat' dir='ltr'><strong>Lesbica</strong></span> <span class='ocrx_word' id='word_1_41' title='bbox 604 2213 636 2272; x_wconf 85' lang='lat' dir='ltr'><strong>et</strong></span> <span class='ocrx_word' id='word_1_42' title='bbox 658 2206 775 2274; x_wconf 86' lang='lat' dir='ltr'><strong>Dorica</strong></span> <span class='ocrx_word' id='word_1_43' title='bbox 803 2207 900 2274; x_wconf 85' lang='lat' dir='ltr'><strong>etiam</strong></span> <span class='ocrx_word' id='word_1_44' title='bbox 928 2216 1005 2274; x_wconf 86' lang='lat' dir='ltr'><strong>ante</strong></span> <span class='ocrx_word' id='word_1_45' title='bbox 1030 2215 1245 2296; x_wconf 84' lang='lat' dir='ltr'><strong>consonantes</strong></span> 
     </span>
     <span class='ocr_line' id='line_1_8' title="bbox 110 2301 1245 2396; baseline 0.003 -27"><span class='ocrx_word' id='word_1_46' title='bbox 110 2309 233 2396; x_wconf 80' lang='lat' dir='ltr'><strong>exstet.</strong></span> <span class='ocrx_word' id='word_1_47' title='bbox 289 2302 337 2368; x_wconf 88' lang='lat' dir='ltr'><strong>La</strong></span> <span class='ocrx_word' id='word_1_48' title='bbox 358 2301 499 2368; x_wconf 84' lang='lat' dir='ltr'><strong>Rechius</strong></span> <span class='ocrx_word' id='word_1_49' title='bbox 531 2302 751 2373; x_wconf 88' lang='lat' dir='ltr'><strong>(Homerische</strong></span> <span class='ocrx_word' id='word_1_50' title='bbox 779 2305 966 2372; x_wconf 84' lang='lat' dir='ltr'><strong>Textkritik</strong></span> <span class='ocrx_word' id='word_1_51' title='bbox 994 2325 1026 2389; x_wconf 90' lang='lat' dir='ltr'><strong>p.</strong></span> <span class='ocrx_word' id='word_1_52' title='bbox 1049 2307 1124 2382; x_wconf 79' lang='lat'>239)</span> <span class='ocrx_word' id='word_1_53' title='bbox 1152 2312 1245 2390; x_wconf 87' lang='lat' dir='ltr'><strong>putat</strong></span> 
     </span>
     <span class='ocr_line' id='line_1_9' title="bbox 109 2397 1244 2487; baseline 0.004 -20"><span class='ocrx_word' id='word_1_54' title='bbox 109 2397 203 2484; x_wconf 79' lang='grc' dir='ltr'><strong>ἐγών</strong></span> <span class='ocrx_word' id='word_1_55' title='bbox 227 2399 363 2466; x_wconf 81' lang='lat' dir='ltr'><strong>formam</strong></span> <span class='ocrx_word' id='word_1_56' title='bbox 385 2400 427 2468; x_wconf 90' lang='lat' dir='ltr'><strong>ab</strong></span> <span class='ocrx_word' id='word_1_57' title='bbox 443 2399 582 2468; x_wconf 85' lang='lat' dir='ltr'><strong>Homero</strong></span> <span class='ocrx_word' id='word_1_58' title='bbox 605 2420 646 2468; x_wconf 85' lang='lat' dir='ltr'><strong>ex</strong></span> <span class='ocrx_word' id='word_1_59' title='bbox 669 2402 787 2468; x_wconf 89' lang='lat' dir='ltr'><strong>Dorica</strong></span> <span class='ocrx_word' id='word_1_60' title='bbox 809 2402 947 2470; x_wconf 77' lang='lat' dir='ltr'><strong>dialecto</strong></span> <span class='ocrx_word' id='word_1_61' title='bbox 970 2409 1133 2486; x_wconf 84' lang='lat' dir='ltr'><strong>receptam</strong></span> <span class='ocrx_word' id='word_1_62' title='bbox 1155 2422 1244 2487; x_wconf 84' lang='lat' dir='ltr'><strong>esse3</strong></span> 
     </span>
     <span class='ocr_line' id='line_1_10' title="bbox 110 2498 1243 2582; baseline -0.001 -16"><span class='ocrx_word' id='word_1_63' title='bbox 110 2498 170 2566; x_wconf 87' lang='lat' dir='ltr'><strong>sed</strong></span> <span class='ocrx_word' id='word_1_64' title='bbox 197 2517 266 2566; x_wconf 90' lang='lat' dir='ltr'><strong>nou</strong></span> <span class='ocrx_word' id='word_1_65' title='bbox 281 2517 415 2569; x_wconf 88' lang='lat' dir='ltr'><strong>neeesse</strong></span> <span class='ocrx_word' id='word_1_66' title='bbox 429 2505 478 2566; x_wconf 88' lang='lat' dir='ltr'><strong>est</strong></span> <span class='ocrx_word' id='word_1_67' title='bbox 499 2498 561 2565; x_wconf 91' lang='lat' dir='ltr'><strong>hoc</strong></span> <span class='ocrx_word' id='word_1_68' title='bbox 574 2505 726 2581; x_wconf 78' lang='lat' dir='ltr'><strong>statuere,</strong></span> <span class='ocrx_word' id='word_1_69' title='bbox 750 2500 901 2582; x_wconf 85' lang='lat' dir='ltr'><strong>quoniam</strong></span> <span class='ocrx_word' id='word_1_70' title='bbox 917 2525 934 2566; x_wconf 80' lang='grc' dir='ltr'><strong><em>ν</em></strong></span> <span class='ocrx_word' id='word_1_71' title='bbox 949 2519 1131 2568; x_wconf 86' lang='lat' dir='ltr'><strong>consonans</strong></span> <span class='ocrx_word' id='word_1_72' title='bbox 1146 2501 1243 2568; x_wconf 86' lang='lat' dir='ltr'><strong>ctiam</strong></span> 
     </span>
     <span class='ocr_line' id='line_1_11' title="bbox 110 2594 1244 2682; baseline 0.002 -22"><span class='ocrx_word' id='word_1_73' title='bbox 110 2596 145 2662; x_wconf 90' lang='lat' dir='ltr'><strong>in</strong></span> <span class='ocrx_word' id='word_1_74' title='bbox 167 2595 286 2662; x_wconf 90' lang='lat' dir='ltr'><strong>Ionica</strong></span> <span class='ocrx_word' id='word_1_75' title='bbox 314 2594 452 2662; x_wconf 89' lang='lat' dir='ltr'><strong>dialecto</strong></span> <span class='ocrx_word' id='word_1_76' title='bbox 480 2596 724 2679; x_wconf 87' lang='lat' dir='ltr'><strong>antiquissimae</strong></span> <span class='ocrx_word' id='word_1_77' title='bbox 750 2597 867 2666; x_wconf 87' lang='lat' dir='ltr'><strong>aetatis</strong></span> <span class='ocrx_word' id='word_1_78' title='bbox 894 2597 1016 2666; x_wconf 87' lang='lat' dir='ltr'><strong>servari</strong></span> <span class='ocrx_word' id='word_1_79' title='bbox 1043 2603 1178 2682; x_wconf 84' lang='lat' dir='ltr'><strong>poterat.</strong></span> <span class='ocrx_word' id='word_1_80' title='bbox 1202 2633 1244 2648; x_wconf 87' lang='lat'><em>-</em></span> 
     </span>
     <span class='ocr_line' id='line_1_12' title="bbox 111 2692 1243 2780; baseline 0 -18"><span class='ocrx_word' id='word_1_81' title='bbox 111 2692 196 2778; x_wconf 77' lang='grc' dir='ltr'><strong>ἐγώ</strong></span> <span class='ocrx_word' id='word_1_82' title='bbox 226 2714 293 2758; x_wconf 90' lang='lat' dir='ltr'><strong>non</strong></span> <span class='ocrx_word' id='word_1_83' title='bbox 321 2693 424 2760; x_wconf 82' lang='lat' dir='ltr'><strong>solum</strong></span> <span class='ocrx_word' id='word_1_84' title='bbox 446 2700 522 2760; x_wconf 85' lang='lat' dir='ltr'><strong>ante</strong></span> <span class='ocrx_word' id='word_1_85' title='bbox 543 2702 758 2762; x_wconf 79' lang='lat' dir='ltr'><strong>consonantes</strong></span> <span class='ocrx_word' id='word_1_86' title='bbox 781 2695 923 2780; x_wconf 84' lang='lat' dir='ltr'><strong>ponitur,</strong></span> <span class='ocrx_word' id='word_1_87' title='bbox 953 2695 1012 2764; x_wconf 87' lang='lat' dir='ltr'><strong>sed</strong></span> <span class='ocrx_word' id='word_1_88' title='bbox 1040 2695 1138 2762; x_wconf 72' lang='lat' dir='ltr'><strong>efiam</strong></span> <span class='ocrx_word' id='word_1_89' title='bbox 1166 2700 1243 2762; x_wconf 85' lang='lat' dir='ltr'><strong>aule</strong></span> 
     </span>
     <span class='ocr_line' id='line_1_13' title="bbox 112 2789 1242 2876; baseline 0 -20"><span class='ocrx_word' id='word_1_90' title='bbox 112 2790 266 2871; x_wconf 84' lang='lat' dir='ltr'><strong>vocales,</strong></span> <span class='ocrx_word' id='word_1_91' title='bbox 294 2789 340 2856; x_wconf 84' lang='lat' dir='ltr'><strong>ita</strong></span> <span class='ocrx_word' id='word_1_92' title='bbox 367 2795 493 2871; x_wconf 88' lang='lat' dir='ltr'><strong>tamen,</strong></span> <span class='ocrx_word' id='word_1_93' title='bbox 527 2798 562 2858; x_wconf 88' lang='lat' dir='ltr'><strong>ut</strong></span> <span class='ocrx_word' id='word_1_94' title='bbox 589 2799 645 2857; x_wconf 88' lang='lat' dir='ltr'><strong>eut</strong></span> <span class='ocrx_word' id='word_1_95' title='bbox 673 2815 700 2856; x_wconf 88' lang='grc' dir='ltr'><em>ω</em></span> <span class='ocrx_word' id='word_1_96' title='bbox 722 2791 928 2876; x_wconf 86' lang='lat' dir='ltr'><strong>corripiatur,</strong></span> <span class='ocrx_word' id='word_1_97' title='bbox 956 2797 1013 2858; x_wconf 90' lang='lat' dir='ltr'><strong>aut</strong></span> <span class='ocrx_word' id='word_1_98' title='bbox 1039 2792 1242 2874; x_wconf 76' lang='lat' dir='ltr'><strong>rotabulum,</strong></span> 
     </span>
     <span class='ocr_line' id='line_1_14' title="bbox 111 2881 1244 2971; baseline 0 -17"><span class='ocrx_word' id='word_1_99' title='bbox 111 2887 203 2971; x_wconf 89' lang='lat' dir='ltr'><strong>quod</strong></span> <span class='ocrx_word' id='word_1_100' title='bbox 237 2887 393 2970; x_wconf 89' lang='lat' dir='ltr'><strong>sequitur,</strong></span> <span class='ocrx_word' id='word_1_101' title='bbox 426 2887 622 2971; x_wconf 83' lang='lat' dir='ltr'><strong>digammum</strong></span> <span class='ocrx_word' id='word_1_102' title='bbox 654 2890 790 2970; x_wconf 88' lang='lat' dir='ltr'><strong>habeat,</strong></span> <span class='ocrx_word' id='word_1_103' title='bbox 824 2881 880 2956; x_wconf 85' lang='lat' dir='ltr'><strong>aut</strong></span> <span class='ocrx_word' id='word_1_104' title='bbox 912 2907 1046 2954; x_wconf 86' lang='lat' dir='ltr'><strong>caesura</strong></span> <span class='ocrx_word' id='word_1_105' title='bbox 1077 2888 1119 2954; x_wconf 90' lang='lat' dir='ltr'><strong>sit</strong></span> <span class='ocrx_word' id='word_1_106' title='bbox 1151 2889 1244 2956; x_wconf 89' lang='lat' dir='ltr'><strong>semi-</strong></span> 
     </span>
     <span class='ocr_line' id='line_1_15' title="bbox 112 2985 948 3070; baseline 0 -18"><span class='ocrx_word' id='word_1_107' title='bbox 112 2985 275 3070; x_wconf 87' lang='lat' dir='ltr'><strong>quinaria,</strong></span> <span class='ocrx_word' id='word_1_108' title='bbox 298 2992 334 3050; x_wconf 88' lang='lat' dir='ltr'><strong>ut</strong></span> <span class='ocrx_word' id='word_1_109' title='bbox 945 3053 948 3062; x_wconf 20' lang='grc' dir='ltr'><strong>Α</strong></span> 
     </span>
    </p>

    <p class='ocr_par' dir='ltr' id='par_1_4' title="bbox 157 3097 1241 3188">
     <span class='ocr_line' id='line_1_16' title="bbox 157 3097 1241 3188; baseline 0 -19"><span class='ocrx_word' id='word_1_110' title='bbox 157 3110 180 3169; x_wconf 91' lang='grc' dir='ltr'><em>Ι</em></span> <span class='ocrx_word' id='word_1_111' title='bbox 196 3107 273 3169; x_wconf 83' lang='lat'><strong>167:</strong></span> <span class='ocrx_word' id='word_1_112' title='bbox 296 3101 327 3170; x_wconf 83' lang='lat' dir='ltr'><strong>ei</strong></span> <span class='ocrx_word' id='word_1_113' title='bbox 343 3099 377 3168; x_wconf 76' lang='grc' dir='ltr'><strong>δ’</strong></span> <span class='ocrx_word' id='word_1_114' title='bbox 391 3099 462 3188; x_wconf 81' lang='grc' dir='ltr'><strong>ἄγε,</strong></span> <span class='ocrx_word' id='word_1_115' title='bbox 477 3103 558 3181; x_wconf 77' lang='grc' dir='ltr'><strong>τούς</strong></span> <span class='ocrx_word' id='word_1_116' title='bbox 572 3097 630 3171; x_wconf 67' lang='lat' dir='ltr'><strong>civi</strong></span> <span class='ocrx_word' id='word_1_117' title='bbox 647 3102 695 3188; x_wconf 77' lang='grc' dir='ltr'><strong>γὼ</strong></span> <span class='ocrx_word' id='word_1_118' title='bbox 712 3100 921 3188; x_wconf 71' lang='grc' dir='ltr'><strong><em>ἐπιόψομαι·</em></strong></span> <span class='ocrx_word' id='word_1_119' title='bbox 937 3101 972 3168; x_wconf 82' lang='grc' dir='ltr'><strong>οἱ</strong></span> <span class='ocrx_word' id='word_1_120' title='bbox 988 3101 1026 3169; x_wconf 80' lang='grc' dir='ltr'><strong>δὲ</strong></span> <span class='ocrx_word' id='word_1_121' title='bbox 1042 3105 1241 3170; x_wconf 71' lang='grc' dir='ltr'><strong>πιθέσθων.</strong></span> 
     </span>
    </p>
   </div>
   <div class='ocr_carea' id='block_1_4' title="bbox 113 3219 1339 4078">
    <p class='ocr_par' dir='ltr' id='par_1_5' title="bbox 113 3219 1339 3483">
     <span class='ocr_line' id='line_1_17' title="bbox 114 3219 1241 3307; baseline -0.001 -19"><span class='ocrx_word' id='word_1_122' title='bbox 114 3221 336 3307; x_wconf 88' lang='lat' dir='ltr'><strong>compluribus</strong></span> <span class='ocrx_word' id='word_1_123' title='bbox 362 3221 442 3288; x_wconf 88' lang='lat' dir='ltr'><strong>locis</strong></span> <span class='ocrx_word' id='word_1_124' title='bbox 471 3219 555 3306; x_wconf 71' lang='grc' dir='ltr'><strong>ἐγών</strong></span> <span class='ocrx_word' id='word_1_125' title='bbox 578 3221 612 3286; x_wconf 85' lang='grc' dir='ltr'><strong>ἰιι</strong></span> <span class='ocrx_word' id='word_1_126' title='bbox 634 3229 758 3288; x_wconf 87' lang='lat' dir='ltr'><strong>textum</strong></span> <span class='ocrx_word' id='word_1_127' title='bbox 780 3223 922 3306; x_wconf 86' lang='lat' dir='ltr'><strong>irrepsit,</strong></span> <span class='ocrx_word' id='word_1_128' title='bbox 954 3239 1146 3306; x_wconf 90' lang='lat' dir='ltr'><strong>quamquam</strong></span> <span class='ocrx_word' id='word_1_129' title='bbox 1174 3219 1241 3307; x_wconf 76' lang='grc' dir='ltr'><strong>ἐγώ</strong></span> 
     </span>
     <span class='ocr_line' id='line_1_18' title="bbox 113 3317 1339 3404; baseline -0.005 -20"><span class='ocrx_word' id='word_1_130' title='bbox 113 3320 191 3386; x_wconf 82' lang='lat' dir='ltr'><strong>ferri</strong></span> <span class='ocrx_word' id='word_1_131' title='bbox 213 3323 321 3402; x_wconf 85' lang='lat' dir='ltr'><strong>potest</strong></span> <span class='ocrx_word' id='word_1_132' title='bbox 342 3325 374 3386; x_wconf 88' lang='lat' dir='ltr'><strong>et</strong></span> <span class='ocrx_word' id='word_1_133' title='bbox 395 3319 438 3384; x_wconf 90' lang='lat' dir='ltr'><strong>ab</strong></span> <span class='ocrx_word' id='word_1_134' title='bbox 460 3318 647 3385; x_wconf 87' lang='lat' dir='ltr'><strong>Aristarcho</strong></span> <span class='ocrx_word' id='word_1_135' title='bbox 668 3320 876 3387; x_wconf 80' lang='lat' dir='ltr'><strong>scribebatur.</strong></span> <span class='ocrx_word' id='word_1_136' title='bbox 922 3320 980 3386; x_wconf 89' lang='lat' dir='ltr'><strong>hos</strong></span> <span class='ocrx_word' id='word_1_137' title='bbox 1002 3319 1090 3386; x_wconf 89' lang='lat' dir='ltr'><strong>locos</strong></span> <span class='ocrx_word' id='word_1_138' title='bbox 1112 3317 1241 3404; x_wconf 77' lang='lat' dir='ltr'><strong>collegii</strong></span> <span class='ocrx_word' id='word_1_139' title='bbox 1275 3391 1279 3400; x_wconf 53' lang='grc'>,</span> <span class='ocrx_word' id='word_1_140' title='bbox 1338 3373 1339 3378; x_wconf 75' lang='grc'>,</span> 
     </span>
     <span class='ocr_line' id='line_1_19' title="bbox 115 3415 559 3483; baseline -0.002 -2"><span class='ocrx_word' id='word_1_141' title='bbox 115 3415 164 3483; x_wconf 92' lang='lat' dir='ltr'><strong>La</strong></span> <span class='ocrx_word' id='word_1_142' title='bbox 186 3416 327 3482; x_wconf 86' lang='lat' dir='ltr'><strong>Roohlus</strong></span> <span class='ocrx_word' id='word_1_143' title='bbox 348 3415 388 3481; x_wconf 90' lang='lat' dir='ltr'><strong>H.</strong></span> <span class='ocrx_word' id='word_1_144' title='bbox 411 3417 450 3480; x_wconf 83' lang='grc' dir='ltr'><strong>Τ.</strong></span> <span class='ocrx_word' id='word_1_145' title='bbox 473 3419 559 3482; x_wconf 75' lang='grc'><strong>232.</strong></span> 
     </span>
    </p>

    <p class='ocr_par' dir='ltr' id='par_1_6' title="bbox 116 3511 1241 4078">
     <span class='ocr_line' id='line_1_20' title="bbox 202 3511 1240 3598; baseline 0.001 -18"><span class='ocrx_word' id='word_1_146' title='bbox 202 3513 354 3596; x_wconf 89' lang='lat' dir='ltr'><strong>reliqui</strong></span> <span class='ocrx_word' id='word_1_147' title='bbox 376 3532 495 3579; x_wconf 91' lang='lat' dir='ltr'><strong>casus</strong></span> <span class='ocrx_word' id='word_1_148' title='bbox 525 3512 662 3580; x_wconf 88' lang='lat' dir='ltr'><strong>derivati</strong></span> <span class='ocrx_word' id='word_1_149' title='bbox 691 3522 764 3580; x_wconf 90' lang='lat' dir='ltr'><strong>sunt</strong></span> <span class='ocrx_word' id='word_1_150' title='bbox 786 3514 827 3582; x_wconf 87' lang='lat' dir='ltr'><strong>de</strong></span> <span class='ocrx_word' id='word_1_151' title='bbox 848 3514 949 3597; x_wconf 88' lang='lat' dir='ltr'><strong>stirpe</strong></span> <span class='ocrx_word' id='word_1_152' title='bbox 973 3536 1026 3595; x_wconf 82' lang='grc' dir='ltr'><strong>με,</strong></span> <span class='ocrx_word' id='word_1_153' title='bbox 1057 3511 1127 3595; x_wconf 75' lang='grc' dir='ltr'><em>ἔμε,</em></span> <span class='ocrx_word' id='word_1_154' title='bbox 1157 3533 1240 3598; x_wconf 86' lang='lat' dir='ltr'><strong>quae</strong></span> 
     </span>
     <span class='ocr_line' id='line_1_21' title="bbox 116 3609 1240 3695; baseline 0.001 -17"><span class='ocrx_word' id='word_1_155' title='bbox 116 3631 205 3678; x_wconf 89' lang='lat' dir='ltr'><strong>mera</strong></span> <span class='ocrx_word' id='word_1_156' title='bbox 227 3615 333 3677; x_wconf 82' lang='lat' dir='ltr'><strong>exstat</strong></span> <span class='ocrx_word' id='word_1_157' title='bbox 354 3611 387 3676; x_wconf 89' lang='lat' dir='ltr'><strong>in</strong></span> <span class='ocrx_word' id='word_1_158' title='bbox 409 3610 590 3677; x_wconf 86' lang='lat' dir='ltr'><strong>accusativo</strong></span> <span class='ocrx_word' id='word_1_159' title='bbox 612 3615 664 3692; x_wconf 84' lang='grc' dir='ltr'><strong>μέ,</strong></span> <span class='ocrx_word' id='word_1_160' title='bbox 688 3609 758 3693; x_wconf 78' lang='grc' dir='ltr'><strong>ἐμέ.</strong></span> <span class='ocrx_word' id='word_1_161' title='bbox 795 3611 937 3695; x_wconf 82' lang='lat' dir='ltr'><strong>genetivi</strong></span> <span class='ocrx_word' id='word_1_162' title='bbox 958 3610 1046 3694; x_wconf 86' lang='lat' dir='ltr'><strong>apud</strong></span> <span class='ocrx_word' id='word_1_163' title='bbox 1067 3611 1240 3679; x_wconf 87' lang='lat' dir='ltr'><strong>Homerum</strong></span> 
     </span>
     <span class='ocr_line' id='line_1_22' title="bbox 116 3707 1239 3792; baseline 0.001 -18"><span class='ocrx_word' id='word_1_164' title='bbox 116 3715 181 3775; x_wconf 91' lang='lat' dir='ltr'><strong>tres</strong></span> <span class='ocrx_word' id='word_1_165' title='bbox 208 3707 263 3775; x_wconf 84' lang='lat' dir='ltr'><strong>vel</strong></span> <span class='ocrx_word' id='word_1_166' title='bbox 291 3713 439 3792; x_wconf 89' lang='lat' dir='ltr'><strong>quattuor</strong></span> <span class='ocrx_word' id='word_1_167' title='bbox 467 3715 541 3773; x_wconf 85' lang='lat' dir='ltr'><strong>sunt</strong></span> <span class='ocrx_word' id='word_1_168' title='bbox 564 3708 696 3774; x_wconf 87' lang='lat' dir='ltr'><strong>formae.</strong></span> <span class='ocrx_word' id='word_1_169' title='bbox 740 3729 806 3774; x_wconf 86' lang='lat' dir='ltr'><strong>una</strong></span> <span class='ocrx_word' id='word_1_170' title='bbox 832 3709 987 3774; x_wconf 84' lang='lat' dir='ltr'><strong>formatur</strong></span> <span class='ocrx_word' id='word_1_171' title='bbox 1014 3707 1142 3792; x_wconf 82' lang='lat' dir='ltr'><strong>syllaba</strong></span> <span class='ocrx_word' id='word_1_172' title='bbox 1164 3714 1239 3789; x_wconf 77' lang='grc' dir='ltr'><strong>θεν,</strong></span> 
     </span>
     <span class='ocr_line' id='line_1_23' title="bbox 118 3803 1241 3888; baseline 0 -16"><span class='ocrx_word' id='word_1_173' title='bbox 118 3804 291 3888; x_wconf 71' lang='grc' dir='ltr'><strong><em>ἐμέθεν,</em></strong></span> <span class='ocrx_word' id='word_1_174' title='bbox 321 3825 404 3887; x_wconf 88' lang='lat' dir='ltr'><strong>quae</strong></span> <span class='ocrx_word' id='word_1_175' title='bbox 427 3804 523 3871; x_wconf 90' lang='lat' dir='ltr'><strong>etiam</strong></span> <span class='ocrx_word' id='word_1_176' title='bbox 551 3803 586 3869; x_wconf 91' lang='lat' dir='ltr'><strong>in</strong></span> <span class='ocrx_word' id='word_1_177' title='bbox 608 3805 755 3872; x_wconf 87' lang='lat' dir='ltr'><strong>dialectis</strong></span> <span class='ocrx_word' id='word_1_178' title='bbox 777 3805 896 3872; x_wconf 84' lang='lat' dir='ltr'><strong>Dorica</strong></span> <span class='ocrx_word' id='word_1_179' title='bbox 924 3813 956 3872; x_wconf 90' lang='lat' dir='ltr'><strong>et</strong></span> <span class='ocrx_word' id='word_1_180' title='bbox 978 3804 1114 3872; x_wconf 86' lang='lat' dir='ltr'><strong>Lesbica</strong></span> <span class='ocrx_word' id='word_1_181' title='bbox 1136 3811 1241 3872; x_wconf 81' lang='lat' dir='ltr'><strong>exstat</strong></span> 
     </span>
     <span class='ocr_line' id='line_1_24' title="bbox 118 3901 1238 3988; baseline 0.003 -22"><span class='ocrx_word' id='word_1_182' title='bbox 118 3910 150 3968; x_wconf 92' lang='lat' dir='ltr'><strong>et</strong></span> <span class='ocrx_word' id='word_1_183' title='bbox 177 3901 264 3987; x_wconf 86' lang='lat' dir='ltr'><strong>apud</strong></span> <span class='ocrx_word' id='word_1_184' title='bbox 293 3901 467 3969; x_wconf 89' lang='lat' dir='ltr'><strong>Homerum</strong></span> <span class='ocrx_word' id='word_1_185' title='bbox 499 3905 535 3968; x_wconf 83' lang='lat'><strong>18</strong></span> <span class='ocrx_word' id='word_1_186' title='bbox 566 3903 645 3968; x_wconf 79' lang='lat' dir='ltr'><strong>locis</strong></span> <span class='ocrx_word' id='word_1_187' title='bbox 672 3910 843 3988; x_wconf 87' lang='lat' dir='ltr'><strong>usurpatur</strong></span> <span class='ocrx_word' id='word_1_188' title='bbox 875 3906 926 3975; x_wconf 87' lang='lat' dir='ltr'><strong>(A</strong></span> <span class='ocrx_word' id='word_1_189' title='bbox 949 3905 1021 3968; x_wconf 80' lang='lat'>525.</span> <span class='ocrx_word' id='word_1_190' title='bbox 1053 3907 1084 3968; x_wconf 89' lang='lat' dir='ltr'><em>B</em></span> <span class='ocrx_word' id='word_1_191' title='bbox 1107 3905 1158 3969; x_wconf 79' lang='lat'><strong>26.</strong></span> <span class='ocrx_word' id='word_1_192' title='bbox 1187 3907 1238 3969; x_wconf 80' lang='lat'><strong>63.</strong></span> 
     </span>
     <span class='ocr_line' id='line_1_25' title="bbox 120 3997 1240 4078; baseline -0.001 -14"><span class='ocrx_word' id='word_1_193' title='bbox 120 3997 1240 4078; x_wconf 58' lang='lat' dir='ltr'><strong>susurret.0213.T217.o117.52133.6592.528a</strong></span> 
     </span>
    </p>
   </div>
   <div class='ocr_carea' id='block_1_5' title="bbox 0 0 1527 4878">
    <p class='ocr_par' dir='ltr' id='par_1_7' title="bbox 0 0 1527 4878">
     <span class='ocr_line' id='line_1_26' title="bbox 0 0 1527 4878; baseline 0 0"><span class='ocrx_word' id='word_1_194' title='bbox 0 0 1527 4878; x_wconf 95' lang='lat' dir='ltr'><strong> </strong></span> 
     </span>
    </p>
   </div>
  </div>
 </body>
</html>
