3020 4878
320 399 396 482 138,
832 403 920 458 Gener

316 575 470 656 seribere,
500 574 558 642 sed
580 574 735 640 nonnulla
755 575 874 642 auidam
897 576 974 642 solis
996 595 1143 642 versuum
1163 578 1317 644 numeris:
1344 581 1413 661 756.

316 676 1053 761 pmom=mmwmmm

400 791 504 854 neque
526 771 619 837 alitor
640 772 674 836 in
697 765 828 856 ἡμέας
856 791 965 838 resse
992 773 1098 850 habet.
1143 773 1279 838 oonferri
1301 779 1415 856 possunt

316 889 426 936 versus

313 1009 411 1088 pror
428 1025 514 1090 sqq.:
538 992 564 1068 αἰ
587 1005 691 1092 φίλοι,
716 1002 779 1091 ήδη
803 1001 864 1088 μέν
883 1025 943 1070 ’κεν
967 1003 1033 1090 ἕνα)
1055 1005 1188 1087 εἰποιμι
1212 1004 1267 1070 καὶ
1291 1002 1371 1088 ἀμμι

534 1093 738 1190 ’μνηστήρων
761 1101 796 1180 ές
819 1099 936 1185 ὅμιλον
959 1098 1143 1183 ἀκοντίσαι,
1167 1107 1201 1168 οἳ
1223 1102 1382 1187 μεμάασιν

539 1198 646 1287 ήμέας
669 1199 857 1285 ἐξεναρίξαι
880 1199 939 1267 έπὶ
961 1199 1161 1286 προτέροισι
1184 1215 1345 1281 κακοῖσιν,

237 1397 238 1402 ,
315 1346 347 1404 et
368 1361 396 1402 π
411 1342 472 1404 380
485 1358 570 1421 sqq.:
594 1340 628 1402 οἳ
650 1333 684 1401 δ’
709 1335 767 1402 οὐκ
791 1335 986 1422 αἰνήσουσιν
1016 1335 1197 1416 ἀκούοντες
1225 1340 1312 1404 κακά
1333 1337 1416 1423 ἰρμα·
1494 1305 1495 1366 ἶ

538 1434 584 1524 μή
608 1461 640 1500 τι
663 1434 766 1523 κακὸν
788 1436 909 1522 ῥέξωσι
933 1437 989 1500 καὶ
1015 1433 1120 1522 ήμεας
1145 1435 1326 1518 ἐξελάσωσι

539 1538 637 1619 γαίης
660 1529 834 1620 ἡμετέρης,
856 1529 964 1598 ἀλλων
985 1530 1018 1598 δ’
1036 1531 1245 1620 ἀφικώμεθα
1268 1536 1375 1618 δῆμον,
1494 1537 1495 1562 ²

315 1671 369 1736 ubi
392 1672 439 1735 La
462 1669 600 1735 Roohius
623 1690 681 1754 per
702 1677 911 1736 correcturum
935 1666 1040 1755 ήμεας
1062 1671 1197 1754 scripsit.
1221 1680 1225 1688 '

399 1789 493 1851 porro
517 1769 565 1834 vis
588 1769 784 1853 pronominis
806 1769 839 1832 in
863 1788 957 1834 versu
1045 1819 1047 1826 .

378 1911 400 1987 β
423 1908 501 1970 330:
521 1903 571 1970 ’έν
595 1903 632 1970 δέ
654 1903 739 1989 θάλη
764 1909 905 1990 κρητῆρι
927 1905 984 1970 καὶ
1008 1901 1113 1989 ήμέας
1139 1902 1270 1982 πάντας
1299 1902 1415 1987 ὀλέσση,

314 2043 416 2108 maior
437 2063 501 2107 non
525 2048 574 2108 est
595 2061 690 2124 quam
712 2041 743 2107 iu
767 2060 814 2122 eo,
838 2042 893 2123 qui
914 2041 1086 2124 antecedit,

378 2183 400 2261 β
423 2163 510 2242 325τΙ
535 2166 556 2264 ή
578 2175 667 2258 μάλα
693 2177 886 2262 Τηλέμαχος
910 2175 1015 2272 φάνον
1040 2175 1118 2263 ήμιν
1140 2177 1345 2266 μερμηρίζει,

315 2315 369 2378 ubi
391 2315 439 2378 La
461 2313 598 2379 Roehius
621 2313 808 2395 scripturam
832 2310 911 2398 ήμιν
934 2333 973 2380 ex
996 2335 1059 2382 uno
1086 2314 1210 2395 ¹codiee,
1244 2311 1297 2397 qui
1324 2321 1419 2393 tamen

313 2412 411 2477 habet
433 2397 522 2496 ἧμιν,
547 2410 678 2493 recepit.

399 2517 573 2574 ceterorum
601 2509 820 2591 exemplorum
852 2507 987 2576 susfioiet
1013 2527 1163 2575 numeros
1197 2527 1342 2574 versuum
1371 2505 1419 2570 ed·
1494 2563 1495 2566 ,

314 2608 469 2673 seribere:
495 2611 517 2688 β
540 2609 590 2670 86.
614 2609 685 2672 244.
710 2632 722 2670 ι
745 2611 794 2674 43.
819 2620 848 2691 ψ
872 2611 942 2672 138.

399 2698 495 2786 ὑμῖν
525 2705 595 2770 sine
616 2706 684 2770 ulla
698 2706 827 2795 ‚maiore
847 2705 880 2770 vi
902 2703 1143 2788 signifieationis
1165 2706 1282 2788 legitur

313 2841 332 2906 λ
355 2844 416 2908 339
432 2860 517 2924 sqq.:
540 2847 587 2925 τῴ
609 2840 653 2928 μή
679 2839 894 2926 ἐπειγόμεναι
917 2838 1151 2923 ἀποπέμπετε,
1173 2840 1260 2925 μηδὲ
1275 2839 1316 2904 τά
1339 2839 1419 2920 δῶρα

540 2935 626 3003 οὕτω
647 2939 817 3027 χρηίζοντι
839 2938 1014 3004 κολούετε·
1036 2937 1145 3004 πολλά
1166 2937 1229 3023 γάρ
1252 2935 1329 3019 ὑμῖν

538 3035 682 3122 κτήματ’
707 3038 758 3106 ἐνὶ
779 3035 959 3120 μεγάροισι
981 3043 1073 3102 θεῶν
1098 3034 1206 3123 ἰότητι
1228 3035 1368 3102 κέονται.

314 3180 341 3222 π
356 3160 418 3223 385
430 3177 516 3239 sqq.:
540 3199 927 3222 .............
952 3153 1044 3220 οἰκία
1067 3152 1101 3219 δ’
1126 3141 1204 3220 αὖτε

539 3259 650 3320 κείνου
672 3251 793 3340 μητέρι
817 3252 932 3335 δοῖμεν
955 3251 1043 3334 ἐ’χειν
1068 3249 1123 3341 ήδ’
1148 3248 1186 3329 ἀς
1208 3277 1260 3330 τις
1284 3249 1402 3317 ἀπὀίσι.

538 3349 567 3416 εἰ
592 3347 625 3414 δ’
649 3347 726 3432 Ιὑμῖν
742 3347 800 3416 ὅδε
823 3357 936 3433 μῦθος
955 3345 1153 3438 ἀφανδάνει,
1177 3347 1260 3416 ἀλλά
1282 3350 1421 3435 βόλεσθε

537 3445 638 3513 αἰτόν
660 3473 694 3514 τε
721 3447 817 3528 ζιόειν
841 3451 897 3514 καὶ
921 3447 1008 3529 έχειν
1031 3447 1186 3532 πατρώϊα
1210 3447 1320 3513 πάντα
1343 3448 1404 3512 κτλ.

336 3574 357 3632 Ι
379 3572 437 3633 120
452 3587 517 3650 sq.:
540 3562 593 3652 ἀψ
615 3566 727 3634 ἐθέλω
744 3563 875 3650 ἀρέσαι,
888 3543 1040 3650 ,ὄάμεναί
1053 3563 1085 3630 τ’
1103 3564 1278 3652 ἀπερείσι’
1296 3565 1422 3632 ἀποινα.
1471 3623 1478 3648 ,

537 3661 615 3747 ὑμῖν
640 3662 672 3729 δ’
698 3664 732 3730 ἰν
756 3663 920 3732 πάντεσσι
943 3663 1126 3750 περικλυτὰ
1157 3661 1242 3748 δεῦρ’
1268 3663 1422 3750 ὀνομήνω.

399 3821 495 3865 unum
519 3802 614 3867 etiam
636 3802 744 3866 inveni
766 3803 887 3884 looum,
914 3804 968 3886 qui
989 3810 1097 3868 tamen
1119 3801 1255 3867 fortasse
1277 3822 1340 3866 non
1360 3798 1424 3864 uni-

312 3919 369 3964 ous
391 3906 448 3980 est,
471 3919 532 3981 quo
548 3900 596 3962 La
611 3899 764 3964 Roohium
787 3908 898 3967 eontra
915 3900 1091 3966 Herodiani
1112 3899 1217 3980 legem
1240 3899 1423 3964 deteriorum

313 3996 456 4063 oodioum
479 3996 666 4079 seripturam
692 3993 711 4081 n‘p'
718 4019 785 4078 μιν
814 3999 848 4063 in
870 4007 992 4063 textum
1013 3997 1173 4082 neoepisse
1194 4005 1317 4080 putem:
