3020 4878
306 370 366 432 158
816 374 905 430 Oauer

303 546 421 627 valent,
444 552 552 610 tamen
574 564 632 628 per
652 563 688 610 se
709 567 774 610 non
789 545 962 612 absurdum
978 553 1027 612 est
1047 551 1105 628 μίν
1120 546 1301 612 aecusativo
1323 545 1408 612 etiarn

302 642 488 708 refleximm
520 662 612 709 usum
644 643 792 711 tribuere.
836 664 910 708 nam
945 663 1026 726 quae
1055 643 1214 711 Ameisius
1246 642 1289 709 ad
1316 642 1409 706 6244
1500 667 1501 712 ς

302 740 484 806 adnotavit:
522 745 609 823 ,pta
638 761 699 806 nur
719 741 889 832 soheinbar
910 741 960 807 itr
983 739 1015 821 ἓ,
1044 742 1086 808 ist
1113 742 1171 808 mit
1192 742 1336 824 episober
1356 737 1411 804 Ob·
1499 713 1501 808 i

298 839 459 921 jootivittt
488 858 551 902 von
580 839 636 903 der
664 839 784 904 Person
812 840 870 905 des
898 839 1076 906 Redenden
1110 860 1167 905 aus
1196 846 1325 922 gosagt,
1359 837 1412 902 wie

302 936 384 1001 anob
407 956 521 1001 nnsere
535 936 602 1001 alte
615 935 758 1019 Spraehe
779 930 824 1003 oit
845 937 944 1014 ,ibn“
964 938 1150 1020 gebrauebt,
1173 955 1224 1002 wo
1240 938 1298 1001 wir
1312 936 1412 1013 ,sieb“

302 1039 492 1114 erwarten,“
514 1035 594 1100 baeo
616 1053 709 1100 meae
730 1036 833 1117 magis
855 1053 950 1116 quam
974 1035 1093 1102 Ameisi
1120 1036 1222 1118 ipsius
1242 1034 1413 1100 sententiae

301 1139 500 1212 sueourrunt,
532 1134 683 1214 quoniam
710 1132 792 1197 iilud
820 1153 902 1210 ,nur
923 1134 1114 1198 sobeinbar“
1141 1133 1223 1198 nihil
1254 1134 1350 1198 valet.
1390 1131 1412 1195 si

301 1235 359 1311 μίν
391 1231 529 1313 positum
558 1237 622 1312 est,
657 1230 711 1297 ubi
740 1229 758 1294 ἕ
785 1237 1024 1314 exspectamus,
1058 1233 1196 1314 positum
1226 1236 1275 1298 ost
1308 1251 1364 1313 pro
1390 1227 1413 1305 ἕ,

301 1345 493 1410 quamquam
516 1327 577 1393 boo
598 1349 662 1394 non
684 1327 770 1396 idem
793 1335 842 1394 ost
862 1348 902 1394 ao
922 1329 950 1394 si
972 1327 1111 1396 diaerem
1132 1335 1190 1411 μίν
1205 1328 1414 1396 aoousativum

301 1433 416 1491 natura
447 1419 584 1492 eandem
618 1425 738 1492 babere
771 1427 835 1490 vim
867 1430 964 1508 atquo
992 1417 1031 1492 ἕξ
1063 1427 1121 1510 sed
1149 1429 1209 1493 boo
1237 1427 1341 1510 ipsum
1371 1432 1415 1491 est

302 1525 416 1590 Granni
439 1525 593 1589 sermonis
615 1527 754 1590 maxime
775 1525 993 1590 vetustissima
1013 1532 1121 1592 aetate
1141 1524 1315 1610 proprium,
1338 1522 1414 1606 quod
1498 1579 1499 1590 ,

301 1630 366 1690 tam
389 1623 455 1687 aori
478 1622 602 1686 ratione
622 1623 728 1705 logica
749 1642 843 1704 quam
861 1624 993 1689 Latinus
1016 1645 1080 1689 non
1096 1624 1203 1688 utitur.
1241 1624 1301 1688 boo
1315 1631 1415 1688 autem

301 1722 335 1786 in
362 1722 452 1787 nulla
479 1721 546 1786 alia
573 1741 608 1786 ro
635 1720 751 1785 alarius
779 1719 925 1802 intellegi
953 1728 1059 1804 potest
1080 1741 1176 1803 quam
1201 1722 1235 1784 in
1265 1719 1416 1804 pronomi·

301 1840 376 1885 num
400 1818 620 1885 reflexivomm
644 1825 675 1884 et
697 1818 963 1901 anaphorieorum
986 1820 1065 1885 satis
1087 1819 1196 1885 subtili
1216 1817 1417 1884 distinetione
1497 1823 1498 1852 ³

302 1925 334 1983 et
355 1918 387 1982 in
410 1917 640 1984 sententiarum
667 1917 941 2001 bypotaotioarum
963 1918 1199 1983 construetione
1206 1964 1215 1998 ,
1246 1918 1415 1982 clarissime

301 2022 424 2096 autem,
454 2016 538 2098 quod
561 2034 620 2098 per
641 2033 676 2080 se
699 2023 804 2099 patet,
834 2017 880 2080 eis
904 2016 999 2097 loeis,
1028 2016 1143 2098 quibus
1164 2016 1354 2098 pronomina
1374 2033 1416 2078 re·

300 2113 419 2178 flexiva
439 2114 473 2178 in
496 2114 663 2179 sententiis
685 2112 896 2196 bypotaotieis
916 2118 1120 2198 usurpantur.
1151 2131 1191 2176 ea
1205 2119 1292 2177 eerte
1306 2121 1416 2191 aetate,

302 2230 365 2292 qua
380 2211 510 2276 Homeri
525 2210 667 2276 earmina
681 2211 858 2294 composita
873 2219 955 2293 sunt,
979 2232 1049 2276 oum
1072 2210 1223 2293 primaria
1238 2233 1298 2276 urs
1314 2210 1416 2293 stirpis

301 2310 349 2374 vis
372 2310 434 2372 iam
457 2309 503 2375 ita
525 2308 720 2388 evanuisset,
742 2316 777 2373 ut
799 2310 989 2392 pronomina
1011 2309 1052 2376 ab
1075 2329 1115 2374 ea
1135 2309 1283 2374 derivata
1304 2309 1417 2391 saepis·

301 2407 381 2472 sime
408 2407 602 2489 anaphorioe
631 2397 874 2490 adhiberentur,
903 2408 961 2474 sed
990 2414 1098 2472 tamon
1125 2408 1283 2472 nonnulla
1304 2407 1417 2472 veteris

301 2503 543 2586 significationis
564 2503 702 2586 vestigia
717 2512 894 2587 servarent,
916 2507 1025 2570 mirari
1046 2525 1111 2570 non
1134 2525 1312 2588 possumus,
1336 2502 1415 2586 quod

301 2621 342 2666 ne
363 2606 420 2683 ptr
436 2599 562 2684 quidem
586 2601 707 2667 formae
721 2604 894 2668 accusativi
908 2604 1124 2686 anaphorioae
1145 2622 1223 2669 usus
1245 2610 1312 2668 tarn
1327 2602 1417 2668 eertis

300 2700 427 2782 legibus
447 2699 703 2782 oiroumsoriptus
729 2707 812 2782 erat,
841 2708 962 2767 utnon
985 2701 1160 2796 aliquando
1188 2707 1246 2785 pro
1268 2700 1416 2767 reflexim
1495 2707 1496 2710 ’

300 2797 489 2882 pronomine
511 2805 726 2881 usurparetur.

385 2897 426 2962 ab
449 2896 562 2963 eadem
585 2896 684 2980 stirpe
705 2903 801 2979 atque
822 2901 879 2978 μέν
902 2896 1048 2964 derivata
1070 2904 1119 2964 est
1147 2897 1251 2962 forma
1278 2898 1416 2962 nomina·
1496 2965 1497 2986 ξ

299 2995 357 3059 tivi
379 2991 410 3072 ἴ,
441 3014 504 3077 qua
526 2995 702 3060 Homerum
721 3015 812 3060 usum
835 3015 900 3058 non
926 3014 996 3062 esse
1017 3003 1127 3061 auotor
1149 3002 1197 3061 est
1219 2994 1416 3061 Herodianus
1496 3037 1497 3050 ,

299 3092 342 3158 ad
363 3095 400 3156 X
413 3097 486 3175 410,
509 3092 627 3174 dequo
642 3111 737 3158 versu
758 3113 855 3177 supra
877 3099 920 3175 (p.
939 3097 1012 3173 107)
1033 3094 1097 3158 ianr
1112 3114 1133 3158 a
1147 3113 1199 3160 me
1220 3093 1341 3159 dietum
1363 3099 1416 3159 est.
1495 3099 1497 3170 j

300 3210 393 3273 quam
422 3191 464 3254 ob
492 3208 559 3254 rem
588 3208 779 3272 quamquam
809 3210 888 3274 opus
917 3209 981 3256 non
1012 3198 1062 3257 est
1089 3211 1141 3258 me
1169 3191 1211 3256 de
1236 3191 1298 3258 baa
1318 3193 1435 3256 forma·

299 3288 477 3353 noouratius
501 3287 667 3370 disserere,
690 3295 798 3354 tamen
812 3289 960 3355 breviter
982 3309 1193 3356 commemoro
1216 3310 1287 3356 eam
1310 3298 1416 3356 eontra
1496 3359 1497 3366 χ

299 3392 441 3451 veterum
464 3387 741 3467 grammaticorum
765 3391 803 3464 (e.
818 3405 849 3469 g.
872 3383 1021 3470 A'pollon.
1044 3407 1134 3470 pron.
1159 3392 1191 3452 71
1214 3392 1246 3464 a)
1268 3387 1414 3454 iudioium
1496 3379 1497 3388 ’

299 3483 411 3565 spiritu
444 3485 510 3550 leni
541 3483 743 3550 seribendam
776 3503 857 3550 esse.
901 3493 1027 3551 veteres
1059 3486 1163 3566 enimv,
1198 3486 1252 3568 qui
1285 3487 1414 3551 sormam

300 3579 461 3647 rarissimo
494 3589 680 3665 usurpatam
713 3583 878 3666 explicare
909 3583 1098 3663 studebant,
1131 3582 1282 3651 iaoillime
1313 3587 1348 3649 in
1380 3603 1416 3650 ea
1495 3639 1496 3642 ,

299 3678 368 3744 salli
398 3686 561 3762 poterant,
596 3680 643 3744 ita
670 3687 705 3744 ut
733 3700 754 3744 a
781 3681 880 3764 stirpe
908 3681 1105 3764 pronominis
1126 3682 1241 3748 tertiae
1262 3701 1415 3766 personae

299 3796 371 3841 eam
408 3775 617 3846 derivandam
651 3782 684 3845 et
719 3778 831 3861 spiritu
868 3799 983 3862 aspero
1016 3778 1219 3863 scribendam
1257 3799 1328 3846 esse
1363 3801 1415 3863 pu·

298 3879 414 3942 tarent.
