3020 4878
252 356 285 410 de
301 357 488 424 pronominum
506 357 689 427 personalium
705 358 797 412 formis
814 362 843 412 ot
860 375 912 412 usu
930 359 1079 414 Homerico.
1164 356 1223 418 135

106 527 179 590 tatio
191 529 382 594 Aristonici:
399 525 451 593 tu
463 523 568 605 ci„uct
577 533 589 562 “
598 528 768 614 παρέλκει,
784 528 953 614 &pulcrior
967 529 1003 596 δὲ
1015 529 1075 618 τὴν
1089 581 1103 609 ,,
1113 525 1191 620 ἧμιν
1200 538 1223 613 “,

107 625 170 688 κτλ.
194 626 255 692 sed
269 647 373 709 neque
390 629 471 692 lanc
482 626 658 692 Aristarchi
673 629 918 710 explicationem
933 627 1223 696 artificiosissimam

106 725 149 797 (ut
162 721 241 799 εἰπὲ
260 726 316 789 καὶ
331 712 409 812 ἧμιν
426 724 543 791 dictum
559 727 600 790 sit
622 747 678 808 pro
695 727 752 791 καὶ
768 724 843 792 εἰπὲ
860 719 962 813 ἧμιν),
984 745 1089 817 noque
1105 728 1222 812 Sengc·

104 819 216 888 buschi
245 821 286 888 de
313 823 422 888 formis
449 811 605 889 enclitiois
632 809 726 911 ἧμιν,
756 811 833 905 ὗμιν
865 824 1055 890 sententiam
1085 827 1224 908 probare

104 937 249 1000 possum,
285 941 367 1003 quac
395 927 463 987 tota
489 921 554 986 lere
585 921 618 986 iu
646 923 828 988 coniectura
856 923 960 1006 posita
987 931 1045 988 est.
1095 923 1224 990 obstant

105 1023 207 1080 autem
241 1020 268 1084 ei
304 1029 438 1102 praeter
460 1018 635 1104 Herodicui
667 1019 816 1084 iudicium
846 1021 942 1086 etiam
977 1019 1120 1086 codicum
1149 1021 1223 1086 seri·

105 1120 234 1196 pturae,
257 1136 337 1198 quas
358 1117 535 1182 accuratius
549 1117 618 1206 iam
643 1118 796 1182 tractabo.
1025 1179 1027 1184 ,

188 1219 221 1279 εῖ
249 1215 384 1296 primum
408 1215 536 1295 quidem
559 1236 580 1278 a
601 1223 668 1280 tota
690 1222 800 1288 nostra
822 1215 1008 1296 quaestione
1036 1217 1222 1288 removendi

105 1318 176 1375 sunt
199 1315 240 1375 96
263 1313 339 1389 loci,
369 1311 484 1394 quibos
512 1314 603 1404 nulla
625 1321 673 1378 est
701 1313 843 1378 codicum
867 1312 1081 1396 discrepantia
1104 1314 1144 1379 de
1167 1334 1221 1380 eu-

105 1409 171 1474 clisi
195 1418 228 1474 et
242 1410 455 1492 orthotonesi3
479 1429 553 1474 nam
569 1431 639 1476 eam
664 1409 923 1492 discrepantiam,
946 1429 1028 1492 quae
1043 1409 1084 1476 ad
1106 1413 1222 1494 stirpes

105 1498 182 1589 ἦμει
204 1513 239 1572 et
259 1501 337 1588 ὑμει
359 1514 497 1590 spectat,
527 1509 587 1574 hoo
611 1511 681 1572 loco
705 1527 775 1572 meo
797 1508 865 1572 iure
887 1510 1060 1590 neglegere
1082 1529 1220 1592 possum.

104 1605 135 1666 in
172 1604 320 1670 omuibus
355 1605 450 1687 igitur
486 1606 575 1671 libris
610 1627 706 1670 mauu
745 1605 869 1688 scriptis
903 1606 1052 1688 leguntur
1084 1605 1220 1672 formae:

106 1695 182 1784 ἡμῖν
205 1704 256 1777 49,
282 1695 386 1788 ἡμέας
412 1706 466 1782 19,
491 1698 597 1788 ἥμεας
620 1709 638 1768 3
662 1707 686 1780 (ι
709 1708 779 1767 251.
804 1727 821 1765 o
847 1705 896 1766 82.
920 1727 938 1766 e
961 1707 1050 1781 384),
1080 1697 1156 1784 ὑμῖν
1180 1707 1221 1768 24

105 1799 190 1880 locis,
212 1795 291 1880 ὕμιν
313 1819 376 1864 uno
398 1801 467 1864 loco
492 1824 510 1863 κ
533 1804 610 1880 464,
638 1800 664 1866 si
688 1799 816 1882 quidem
839 1819 879 1865 ex
901 1801 950 1866 La
971 1801 1070 1866 Roclri
1094 1801 1220 1868 silentio

105 1895 182 1961 haec
205 1897 313 1979 colligi
336 1899 419 1964 ticet.
465 1898 505 1964 de
527 1899 641 1964 ceteris
663 1899 741 1964 locis
764 1898 935 1964 dubitatur.
979 1898 1013 1964 in
1037 1898 1085 1964 his

146 1989 244 2078 ἡμῖν
268 1995 366 2060 dativi
390 1999 430 2061 30
451 2003 525 2060 suut
547 1997 704 2078 exempla.

105 2145 107 2150 s
191 2095 218 2153 1.
241 2111 350 2158 omues
372 2102 428 2158 aut
450 2101 535 2159 certe
558 2094 669 2175 optimi
692 2093 817 2158 codices
838 2092 960 2158 habent
981 2088 1060 2175 ἡμῖν
1076 2095 1116 2158 20
1132 2094 1219 2158 locis.

243 2210 272 2252 a.
298 2183 375 2276 ἡμῖν
404 2213 424 2256 a
453 2193 500 2256 La
528 2193 648 2262 Rochio
676 2199 835 2257 servatum
865 2199 913 2254 est
947 2216 965 2271 ρ
990 2193 1060 2256 597.
1097 2215 1123 2252 ω
1150 2195 1219 2256 130.

296 2296 406 2353 contra
429 2291 644 2356 Aristarchum
668 2293 705 2352 A
728 2292 800 2352 214.
824 2312 844 2350 α
871 2292 918 2351 10.
941 2323 982 2334 -
1006 2294 1035 2352 4.

243 2385 273 2449 b.
299 2381 376 2469 ἡμῖν
398 2408 418 2450 a
441 2388 706 2452 2182200242θὸῧῖ
729 2387 921 2460 Beklrero¹⁴l
950 2387 983 2450 in
1013 2383 1092 2470 ἥμιν
1121 2395 1221 2452 muta-

295 2489 433 2550 tumeat

296 2604 326 2642 α.
357 2601 397 2648 ex
425 2580 613 2646 auctoritate
642 2579 815 2646 Herodiani
846 2584 882 2662 A
908 2584 977 2645 147.
1015 2585 1086 2647 579.
1123 2587 1219 2664 pat.

354 2704 370 2742 ν
399 2682 465 2742 183.
488 2714 530 2724 -
553 2685 582 2742 4.

295 2781 326 2856 p.
355 2777 424 2840 sine
440 2776 627 2840 auctoritate
643 2775 817 2863 Herodiaui
842 2778 958 2840 0719.
980 2779 1089 2856 pcto.
1112 2801 1131 2860 y
1150 2782 1219 2844 173.

352 2879 380 2936 θ
403 2877 473 2938 248.
499 2900 524 2936 u
548 2877 619 2937 268.
644 2895 664 2936 o
687 2875 736 2936 48.
760 2897 778 2934 v
803 2875 873 2935 245.
897 2908 939 2918 *-
963 2877 990 2937 7.

242 2991 268 3035 c.
298 2966 375 3056 ἡμῖν
406 2991 426 3034 a
453 2971 500 3036 La
527 2972 648 3036 Rochio
682 2976 738 3034 aut
765 2969 918 3034 Bokkero
948 2971 982 3035 iu
1012 2962 1091 3056 ἧμιν
1119 2979 1218 3036 muta·

295 3076 359 3140 tum
383 3073 432 3134 cst

295 3164 325 3230 u.
356 3186 396 3232 ex
418 3164 606 3230 auctoritate
629 3164 803 3240 Herodiani
829 3189 845 3227 ν
872 3167 941 3228 177.
962 3199 1005 3212 -
1031 3170 1057 3226 t.

293 3269 334 3346 fi„
353 3263 423 3332 siue
445 3263 634 3328 auctoritate
656 3262 831 3329 Herodiani
854 3265 883 3326 P
903 3266 974 3325 415.
998 3265 1069 3326 417.
1093 3287 1122 3326 κ.
1145 3265 1217 3328 563.

351 3387 369 3424 υ
394 3364 465 3424 272.
487 3395 529 3404 -
553 3366 582 3424 4.

189 3461 215 3519 2.
239 3459 347 3540 optimi
370 3458 496 3524 codices
520 3459 639 3524 habent
662 3454 739 3542 ἥμιν
764 3457 887 3537 lilocis,
909 3455 994 3539 quod
1017 3457 1064 3522 La
1080 3429 1218 3540 llochips

182 3625 185 3632 Δ
240 3555 272 3620 iu
301 3564 422 3622 textum
452 3557 586 3639 recepit,
623 3561 661 3620 A
685 3559 756 3620 583.
786 3557 910 3626 13339.
941 3558 979 3618 H
998 3557 1070 3618 352.
1100 3579 1120 3618 α
1147 3559 1216 3621 too.

243 3651 261 3716 d
284 3656 355 3719 777.
379 3679 395 3717 ν
418 3657 490 3717 279.
513 3687 555 3698 -
577 3657 607 3717 6.

112 3762 300 3774 *ἧι-

177 3801 205 3864 ’1)
221 3803 299 3858 huius
317 3804 394 3869 enim,
413 3806 458 3872 qui
476 3803 588 3857 similem
605 3808 686 3872 atque
697 3802 739 3856 La
749 3802 869 3858 Roohius
887 3801 1019 3856 rationem
1035 3803 1063 3856 in
1079 3777 1122 3858 liis
1135 3803 1216 3858 rebus

114 3887 211 3936 secutus
228 3884 415 3949 conaudetur,
433 3884 467 3938 de
484 3883 579 3953 paucis
596 3883 629 3938 iis
646 3883 727 3946 locis,
751 3883 797 3952 qui
814 3899 847 3937 ex
865 3882 1006 3938 duodecim
1024 3884 1215 3951 posterioribus

114 3957 196 4015 iliadis
212 3963 285 4018 libus
302 3965 356 4020 huo
373 3964 508 4020 referendi
525 3972 600 4029 sunt,
619 3964 762 4020 editionem
780 3964 894 4034 inspexi.
