3020 4878
118 469 121 478 Δ
226 404 258 459 de
275 407 463 474 pronominum
481 406 661 476 personalium
677 405 816 464 formiaet
832 423 884 462 usu
902 407 1051 464 Homerico.
1138 408 1197 472 129

88 577 138 652 ubi
162 579 350 662 Eurycleam
379 579 546 662 seipsam
573 578 699 646 ancillis
729 585 805 668 natu
833 581 1008 648 minoribus
1036 602 1198 668 opponere

87 684 225 758 apparet.

165 774 271 855 miror,
293 775 380 856 quod
393 775 545 842 Lehrsius
567 783 610 858 (p.
630 777 700 852 108)
721 776 892 858 Apollonio
914 778 955 843 de
976 799 1073 844 eausa
1095 782 1197 845 ortho-

85 879 244 954 toneseos‚
273 892 357 954 quae
384 873 426 938 ab
454 873 545 939 initio
566 875 720 940 orationis
741 873 790 955 fit,
820 895 971 942 assensus
992 884 1050 942 est.
1094 897 1198 962 neque

85 971 165 1036 enim
186 971 351 1055 exempla,
381 971 496 1054 quibus
523 972 715 1036 sententiam
738 993 829 1038 suam
857 972 1043 1040 confirmare
1065 976 1195 1060 studuit,

84 1070 156 1136 satis
177 1089 330 1152 magnam
351 1069 416 1134 vim
439 1069 568 1134 habent
610 1070 704 1136 ambo
726 1072 786 1153 ipsi
809 1072 981 1156 Apollonio
1003 1072 1114 1154 debet,
1144 1075 1197 1156 qni

84 1168 214 1248 primum
236 1187 349 1232 versus

103 1285 118 1347 λ
139 1290 179 1352 90
194 1307 258 1368 sq.:
296 1275 384 1372 ἦλθε
408 1278 526 1350 δ’,ἒτιὶ
548 1284 638 1371 ψυχὴ
665 1289 818 1372 Θηβαίου
845 1293 1023 1370 Τειρεσίαο

295 1381 436 1466 χρύσεον
459 1389 630 1469 σκῆπτρον
654 1382 754 1466 ἔχων,
782 1384 840 1466 ἐμὲ
866 1382 899 1450 d'
924 1384 1008 1469 ἔγνω
1031 1389 1087 1452 καί
1111 1411 1196 1470 τερσ-

841 1481 969 1561 σεέιιτε,

83 1572 240 1648 comparat
262 1585 334 1630 cum
916 1593 918 1602 ·

82 1697 269 1783 ildisqq.:
293 1687 380 1788 ἦλθε
405 1695 438 1763 d'
463 1697 522 1764 ἐπὶ
545 1700 635 1787 ψυχὴ
660 1750 766 1765 .....
864 1717 869 1728 ”

295 1795 448 1874 Αἴαντός
468 1795 522 1877 θ’,
552 1793 590 1874 ὃς
612 1795 749 1882 ἄριστος
772 1797 829 1886 ἐ’-ην
853 1794 945 1876 είδὸς
967 1825 1001 1866 τε
1031 1799 1136 1884 δέμας
1158 1827 1193 1868 τε

293 1903 360 1960 τῶν
383 1891 491 1960 ἄλλων
514 1901 654 1960 Δαναῶν
677 1890 750 1978 μετ’
776 1894 929 1978 ἀμύμονα
953 1900 1139 1984 Πηλείωνα.

294 1987 378 2076 ἔγνω
402 1993 439 2059 δὲ
463 1991 554 2080 ψυχή
577 2019 618 2076 με
642 1994 817 2072 ποδώκεος
840 1993 1024 2060 Αἰακίδαο.

82 2134 111 2190 at
136 2149 211 2194 uero
241 2129 354 2194 horum
388 2131 529 2196 locorum
557 2152 621 2198 non
652 2152 781 2214 prorsus
809 2131 922 2198 eadem
955 2135 1004 2198 cs't
1030 2133 1127 2214 ratio,
1161 2145 1195 2200 ut

82 2225 226 2292 Lehrsius
262 2234 362 2310 putat.
412 2230 515 2294 altero
551 2230 636 2295 enim
670 2230 783 2296 Ulixes
818 2230 860 2294 ab
896 2230 1004 2322 anima
1039 2219 1193 2316 Tiresiae,

82 2326 338 2408 quampluribus
361 2327 466 2392 verbis
490 2327 673 2412 descripsit,
703 2327 746 2392 ad
774 2348 810 2393 se
832 2328 937 2410 ipsum
959 2329 1073 2397 transit
1094 2319 1192 2412 seque

81 2421 123 2494 illi
152 2423 386 2506 quodammodo
421 2426 580 2508 opposta·
603 2426 700 2491 totius
732 2425 825 2508 igitur
853 2425 1006 2492 orationis
1035 2427 1131 2493 cardo
1159 2431 1193 2497 in

81 2519 153 2600 ipsis
180 2521 341 2604 personis,
375 2541 458 2604 qnae
485 2524 678 2606 colloquium
710 2524 793 2608 inter
823 2544 860 2590 se
887 2523 1022 2602 iaciunt,
1052 2527 1192 2592 vertitur.

82 2617 161 2696 quod
181 2638 246 2682 non
267 2619 314 2686 ita
335 2639 371 2685 se
392 2620 491 2686 habet
512 2621 614 2686 altero
637 2622 716 2702 loco,
741 2622 795 2687 nbi
810 2621 916 2686 verbis
939 2619 1025 2704 ἔγνω
1047 2619 1085 2686 δέ
1107 2645 1193 2690 nova

81 2715 231 2794 quaedam
268 2717 429 2789 sententia
464 2719 571 2784 verbis
603 2718 868 2786 antecedentibus
903 2718 1065 2786 levissime
1095 2721 1193 2788 adue·

81 2812 177 2878 utitur.
212 2850 254 2860 —
290 2816 424 2879 alterum
459 2836 535 2881 vero
568 2818 765 2898 exemplum,
798 2814 883 2897 quod
906 2813 1057 2881 Lehrsins
1089 2818 1191 2899 affert,

81 2910 180 2975 minus
201 2913 297 2978 etiam
320 2915 511 2979 sententiam
535 2913 603 2980 eius
624 2911 811 2979 confirmare
832 2917 952 2994 potest:

82 3052 115 3108 A
129 3049 189 3110 694
205 3067 268 3130 sq.:
291 3046 396 3113 ταῦθ’
419 3043 714 3140 ὑπερηφανέοντες
734 3044 861 3112 Ἔττειοὶ
881 3046 1131 3128 χαλκοχίτωνες,

290 3140 398 3231 ἡμέας
418 3141 628 3229 ὑβρίζοντες,
652 3141 831 3211 ἀτάσθαλα
852 3142 1077 3230 μηχανόωντο.

82 3280 202 3346 omnino
225 3282 311 3347 enim
334 3302 444 3346 earnm
466 3283 654 3364 formarum,
686 3302 769 3365 quaa
790 3287 956 3348 accentum
978 3300 1035 3366 per
1057 3284 1190 3350 enolisiu

80 3397 138 3441 non
160 3380 300 3445 abiciunt
321 3381 380 3445 sed
401 3387 540 3461 mutant,
573 3402 638 3446 non
666 3401 795 3464 prorsus
819 3379 904 3446 idem
927 3385 976 3444 est
996 3399 1072 3446 usus
1093 3388 1189 3464 atque

81 3481 258 3542 ceterarum.
303 3477 344 3542 de
366 3497 431 3568 qua
450 3499 485 3544 re
507 3481 657 3561 quoniam
685 3477 767 3543 inira
789 3480 966 3544 accuratius
994 3478 1070 3544 mihi
1093 3499 1189 3562 agen·

81 3569 149 3636 dum
181 3576 253 3654 erit,
287 3595 372 3641 nunc
400 3575 534 3641 sufficiat
561 3576 676 3642 afferre
702 3578 807 3640 locum
837 3576 996 3659 quendam
1024 3575 1189 3660 Odysseae

80 3669 268 3740 simillimum
290 3673 392 3754 illius,
416 3694 510 3755 quem
532 3675 684 3740 Lchrsius
706 3694 747 3740 ex
768 3675 872 3739 Iliade
892 3675 1050 3758 repetivit,

80 3807 167 3872 i383
182 3829 267 3892 sqq.:
291 3797 319 3871 ὦ
340 3813 432 3895 γρηῦ,
457 3805 544 3873 οὕτω
568 3813 683 3899 φασίν,
707 3805 783 3874 ὅσοι
804 3807 878 3874 ἰ’ὁον
895 3811 1135 3896 Ιοςοθαλμοῖοιν

290 3902 396 3991 ἥμεας
418 3902 642 3993 ἀμφοτέρους,
664 3905 753 3987 μάλα
777 3903 896 3972 εἰκέλω
919 3903 1088 3994 ἀλλήλοιϊν
1182 3962 1185 3980 ,

288 4001 439 4084 ἔμμεναι,
458 4028 460 4036 ’

126 4101 228 4150 curm
241 4103 335 4145 Studien
349 4103 394 4144 vn.
968 4109 984 4158 9
