3020 4878
10 419 29 464 t·

222 395 255 451 de
272 399 459 467 pronominum
481 397 663 466 personalium
679 395 773 452 formis
790 403 817 454 et
834 413 885 454 usu
904 395 1054 454 Homerico.
1137 391 1190 454 131

84 571 235 652 probavit,
259 592 340 655 opus
360 593 426 638 non
448 579 497 638 est
517 580 664 660 aopurate
685 570 825 652 refutari,
849 570 906 638 sed
922 570 1109 654 quaerendo
1128 570 1194 638 iam

84 689 155 734 vera
175 691 283 750 eausa,
305 691 361 736 our
381 671 569 754 pronomina
591 676 664 753 post
686 669 940 753 praepositiones
961 670 1066 752 posita
1088 665 1195 752 ὀρθο-

82 766 182 844 rosor
204 769 458 852 pronuntientur.
489 788 548 834 neo
570 766 708 833 diffieilis
726 767 802 832 mihi
819 767 945 832 videtur
967 786 1038 833 esse
1052 767 1193 832 inventu.

83 872 202 930 constat
218 865 303 932 enim
327 867 598 949 praepositionum
613 867 806 931 Graeoarum
829 871 993 930 aooentnm
1015 865 1048 929 in
1071 884 1194 932 oonexu

82 963 230 1028 orationis
265 965 460 1030 levissimum
493 963 591 1030 fuisse
620 964 672 1029 vel
708 964 814 1045 potius
849 963 987 1039 nullum,
1023 982 1118 1045 quem
1153 962 1193 1027 ob

83 1081 143 1124 rem
164 1061 199 1124 in
223 1062 439 1145 compluribus
454 1062 626 1134 oodioibns,
654 1061 742 1126 utin
763 1061 882 1143 optimo
904 1059 1055 1143 Apolloni
1079 1059 1193 1139 Rhodi,

82 1159 348 1242 praepositiones,
385 1160 412 1225 si
440 1159 621 1224 nominibus
655 1165 710 1222 aut
745 1157 1000 1241 pronominibus,
1037 1155 1079 1221 ad
1113 1175 1195 1238 quae

82 1262 239 1338 spectent,
270 1257 480 1334 antecedunt,
508 1265 641 1322 aooentn
672 1276 800 1339 prorsus
822 1263 939 1320 oarent.
983 1254 1025 1320 ad
1047 1262 1194 1319 naturam

81 1363 181 1419 antem
212 1354 485 1436 praepositionum
515 1353 770 1438 perspiciendam
799 1375 862 1418 non
891 1353 1025 1418 multum
1053 1353 1195 1434 interest,

81 1457 179 1515 utrum
203 1457 368 1515 aooentum
396 1471 528 1535 gravem
549 1453 585 1516 in
606 1451 653 1516 eis
681 1471 837 1536 ponamus
867 1471 908 1514 an
938 1451 1078 1530 nullom,
1106 1448 1195 1514 dum·

82 1547 170 1612 modo
196 1551 257 1613 hoo
279 1556 459 1630 teneamus,
488 1549 742 1632 praepositiones
764 1549 796 1613 in
820 1569 933 1613 vorum
961 1546 1194 1631 proelitioarum

81 1667 207 1710 numero
233 1647 399 1714 habendas
422 1666 502 1714 esso.
545 1645 628 1729 quod
651 1646 677 1710 si
700 1647 894 1728 praepositio
916 1667 987 1714 oum
1008 1643 1196 1727 pronomine

81 1745 184 1826 aliquo
207 1745 368 1826 personali
392 1745 604 1826 ooniungitur,
627 1751 776 1810 euoentus
792 1743 1026 1825 quodammodo
1041 1744 1073 1807 in
1088 1741 1194 1808 medio

81 1841 213 1923 pendet,
245 1843 393 1924 quoniam
417 1862 474 1926 per
496 1862 531 1908 se
553 1860 658 1923 neque
677 1842 710 1904 in
738 1842 989 1924 praepositione,
1021 1859 1103 1922 quae
1125 1858 1196 1923 pro·
1299 1843 1301 1850 '

82 1939 182 2004 elitioa
210 1945 275 2020 est,
306 1958 409 2021 neque
437 1941 470 2004 in
500 1939 703 2022 pronomine,
734 1938 819 2020 quod
847 1939 980 2003 enelisin
1010 1938 1195 2020 plerumque

82 2038 205 2118 potitur,
231 2037 307 2121 poni
329 2045 443 2118 potest.
477 2035 693 2118 quaerendum
716 2035 812 2116 igitur
833 2040 881 2100 θεῖ
902 2053 1092 2116 unoquoque
1113 2035 1194 2113 loeo,

82 2143 179 2198 utrum
204 2135 394 2198 vocabulum
416 2135 457 2199 ab
480 2155 533 2214 eo,
564 2135 616 2216 qui
641 2133 795 2217 loquitur,
823 2134 927 2214 magis
955 2137 1132 2214 prematur;
1160 2132 1195 2196 in

82 2231 137 2295 hoo
159 2231 245 2297 enirn
268 2241 432 2297 aooentum
456 2231 636 2320 ponendum
661 2251 732 2296 esse
747 2237 996 2295 consentaneum
1018 2235 1076 2294 est.
1107 2245 1195 2310 prae·

82 2329 194 2409 positio
216 2335 323 2393 autem
347 2329 422 2411 quie
449 2328 611 2393 rarissime
639 2328 790 2393 maiorem
814 2327 975 2410 quandam
1000 2326 1064 2390 vim
1087 2325 1195 2402 habet,

83 2445 173 2506 qnam
195 2426 355 2492 interdurn
378 2435 463 2492 oerte
486 2428 598 2506 habet,
626 2426 653 2491 si
676 2426 759 2491 duae
780 2423 1034 2508 praepositiones
1055 2423 1139 2488 inter
1160 2442 1195 2488 se

83 2525 245 2606 oppositae
275 2531 364 2605 sunt,
397 2543 527 2590 neeesse
554 2530 603 2589 est
631 2542 807 2606 pronomen
835 2523 902 2588 lere
930 2539 1056 2604 semper
1089 2519 1196 2602 ὀρθο-

82 2618 183 2696 rerer
206 2623 421 2704 pronuntiari,
445 2623 540 2688 etiam
563 2621 602 2686 iis
624 2620 718 2699 loeis,
748 2621 862 2702 quibus
884 2637 948 2682 non
970 2617 1100 2701 propria
1121 2636 1195 2699 qua·

83 2717 153 2782 dam
189 2720 221 2782 vi
257 2738 362 2801 neque
398 2727 455 2785 aut
496 2717 814 2792 ἀντιδιασταλτικιῡς
850 2723 906 2780 aut
947 2712 1195 2797 ἐπιτεταμένως

83 2817 215 2896 positum
252 2825 311 2882 est.
367 2818 457 2883 ouius
492 2818 538 2883 rei
573 2815 759 2880 notissimae
794 2812 943 2896 exempla
977 2811 1091 2904 offerre
1126 2812 1195 2876 lon-

83 2933 154 2994 gum
176 2921 232 2980 ost.

164 3012 194 3076 b.
231 3021 360 3078 transeo
388 3012 452 3076 iarn
481 3011 523 3075 ad
549 3013 683 3076 alterum
707 3009 946 3074 orthotonesoos
974 3006 1195 3090 pronominum

83 3131 195 3194 genus,
226 3113 311 3196 quod
341 3108 581 3192 significationis
608 3109 640 3173 'vi
671 3107 817 3172 effoetum
846 3125 916 3170 esse
946 3104 1042 3169 etiam
1070 3110 1195 3170 veteres

83 3213 275 3290 grammatici
310 3209 547 3273 intellexerunt.
599 3213 631 3272 et
661 3205 796 3288 primum
831 3203 958 3286 quidem
994 3201 1105 3282 paneis
1141 3201 1196 3266 ab·

84 3308 202 3372 solvam
231 3306 465 3392 oppositionem
489 3305 620 3368 duorum
650 3309 706 3368 aut
734 3303 858 3385 plorum
887 3298 1123 3390 pronominum,
1154 3297 1195 3363 de

84 3423 144 3485 qua
172 3407 248 3471 satis
276 3411 325 3470 est
354 3403 507 3486 Apolloni
535 3401 726 3466 sententiam
755 3399 885 3479 afferre,
918 3415 1012 3480 quam
1040 3396 1096 3460 ille
1124 3413 1194 3460 oum

85 3503 156 3566 eliis
177 3503 253 3568 loeis
274 3509 341 3566 tum
362 3507 447 3584 synt.
472 3502 541 3576 121,
568 3501 605 3562 13
622 3516 690 3580 sqq.
713 3498 876 3580 exposuit:
904 3493 995 3560 ’ἐστιν
1018 3481 1075 3572 οὖν
1099 3487 1117 3555 ὃ
1140 3515 1195 3576 yr-

85 3597 262 3676 νικώτατας
296 3597 423 3681 τρόπος
450 3603 511 3681 τῆς
540 3593 575 3662 ἓν
599 3591 721 3690 ἀὐταῖς
757 3599 811 3674 (so.
839 3605 914 3669 ταῖς
942 3593 1100 3673 πλαγίαις
1128 3595 1195 3654 τῶν

87 3829 195 3897 ἐλάλησα
210 3833 279 3886 κατὰ
298 3836 358 3896 ταῦ,
376 3827 497 3900 eriperer
515 3847 544 3882 σε
561 3827 728 3897 ἐθεασάμην,
748 3857 781 3868 -
793 3825 831 3884 εἰς
847 3825 901 3896 γὰρ
919 3825 951 3878 τὸ
969 3829 1077 3878 τοιαῦτα
1097 3823 1131 3878 τὰ
1148 3827 1196 3889 τῆς

88 3912 230 3975 συντάξεως
253 3910 418 3982 antitiste,
444 3908 490 3964 ἵνα
510 3911 556 3964 καὶ
579 3909 613 3962 τὰ
636 3906 769 3972 λεληθότα
793 3911 850 3959 τῶν
866 3904 1035 3978 anteponor,
1060 3903 1127 3958 ὄντα
1150 3905 1195 3958 καὶ

88 3993 151 4046 κατὰ
168 3995 197 4047 τὸ
215 3993 342 4058 σύνηθες,
361 3991 457 4062 ἔχηται
474 3995 521 4043 ταῦ
537 3987 629 4058 λόγου,
639 3991 705 4062 ,κτλ

957 4075 993 4125 ps
