3020 4878
313 397 374 460 lle
828 396 916 454 Gener

312 593 377 638 non
399 571 547 639 omnibus
576 570 697 636 loeisa
724 576 821 654 poete
843 569 996 654 digammi
1017 569 1174 636 rationem
1196 567 1342 648 habitam
1362 587 1422 635 esse

311 669 491 751 existimat,
520 687 672 750 eureos,
708 667 823 750 quibus
851 668 966 736 habits
990 688 1055 734 uon
1084 673 1147 749 est,
1186 665 1338 749 corrigit?
1372 667 1422 732 hoe

311 771 419 832 eutem
442 785 480 832 ee
501 766 606 832 minue
628 763 703 832 ferri
724 769 847 848 potest,
881 765 968 849 quod
995 765 1091 851 pauni
1118 765 1216 832 etiam
1244 770 1313 830 tum
1340 763 1422 830 relin·
1500 808 1501 846 3

312 870 459 948 quuntur,
483 865 603 948 quippe
624 864 679 947 qui
698 861 979 941 „emendationem
1000 881 1099 948 aegre
1120 862 1254 930 foranu.
1295 861 1371 946 quid
1390 862 1423 928 de

311 961 362 1028 his
385 960 591 1028 iudicandum
619 961 676 1044 sit,
704 959 846 1027 Kndsius
875 962 1004 1028 omuino
1026 980 1091 1026 non
1115 960 1202 1026 dieit.
1245 979 1306 1044 ego
1329 966 1423 1026 autem
1500 1001 1501 1024 r

311 1060 424 1144 pennis
446 1060 495 1128 his
517 1060 597 1127 lueis
619 1077 832 1141 commoveor,
854 1066 890 1126 ut
909 1079 954 1126 ne
973 1059 1047 1126 illos
1069 1057 1209 1142 quidem
1231 1057 1348 1141 quibus
1368 1077 1422 1124 eor·
1500 1111 1501 1140 3

311 1155 410 1226 tentio
439 1155 544 1226 tuellis
573 1162 636 1238 est,
666 1162 800 1240 propter
825 1157 910 1224 nme
936 1157 1040 1242 ipsum
1069 1175 1200 1224 cursem
1228 1175 1341 1223 omnes
1369 1175 1424 1222 eor·
1501 1233 1502 1238 Ἰ

312 1253 424 1338 rigam
468 1275 544 1320 nsm
573 1254 601 1320 si
629 1253 814 1322 eoneeditnr
841 1273 913 1322 esse
934 1254 1089 1338 quendem
1112 1255 1217 1334 lones,
1243 1255 1361 1338 quibus
1386 1252 1425 1318 di·
1501 1277 1502 1338 j

312 1371 477 1435 gemmum
504 1351 686 1434 negleetum
709 1351 766 1433 sit,
795 1371 860 1418 nou
882 1352 994 1420 timide
1015 1351 1195 1418 uerendum
1215 1356 1282 1434 est,
1312 1371 1355 1418 ne
1376 1350 1425 1416 nli·
1493 1379 1498 1449 ἱ

313 1455 434 1532 quanto
469 1448 572 1516 maier
605 1449 648 1516 sit
684 1449 796 1516 horum
838 1450 979 1516 lonerum
1015 1469 1176 1517 numerus
1231 1467 1305 1516 eam
1341 1449 1424 1532 igitm
1501 1493 1502 1534 3

313 1547 486 1626 rationem,
518 1565 615 1628 qnam
644 1546 786 1614 Kndsius
816 1547 852 1614 iu
880 1548 1156 1615 haereseorum
1185 1553 1249 1628 est,
1284 1546 1425 1630 quonism
1501 1549 1503 1634 ζ

313 1644 451 1728 probare
473 1664 539 1711 nun
564 1665 710 1727 pessum,
744 1645 963 1728 quaerendum
991 1646 1071 1712 milri
1099 1651 1163 1726 est,
1196 1644 1275 1727 quid
1302 1643 1373 1728 ipse
1392 1642 1425 1708 de

314 1739 565 1824 singultuosis,
587 1761 668 1825 quos
689 1743 831 1811 Kndsius
853 1742 1099 1826 diligentissime
1119 1743 1265 1825 collegit,
1287 1741 1425 1806 iudieem.

315 1877 317 1884 ·
399 1858 438 1906 ee
460 1839 596 1922 primum
611 1840 740 1924 quidem
762 1861 941 1926 proponam
963 1840 1107 1906 tabulam
1121 1859 1336 1922 numerorum,
1357 1857 1426 1922 ques

315 1957 356 2007 ex
378 1936 497 2006 Knllsii
516 1937 741 2006 dissertatione
763 1938 908 2022 excerpsi
930 1943 963 2004 et
987 1937 1111 2004 duobus
1139 1937 1234 2017 loeis,
1252 1938 1320 2020 .qui
1346 1937 1426 2002 illum

314 2034 481 2118 fugerunt
495 2037 582 2104 anxi.
623 2055 687 2102 nnn
709 2036 796 2104 enim
817 2054 951 2102 neeesse
971 2053 1043 2102 esse
1065 2035 1176 2118 putari
1198 2054 1280 2118 epus
1301 2034 1426 2102 laboriu

313 2151 385 2200 sum
406 2132 509 2215 magis
531 2152 627 2216 quem
650 2132 790 2213 diffinite,
812 2131 899 2216 quod
921 2132 1061 2198 Kmlsius
1083 2151 1203 2215 magne
1227 2151 1299 2198 eum
1322 2130 1428 2198 sedull-

314 2236 382 2297 tnte
402 2230 549 2311 eenleeit,
569 2237 718 2298 seeumte
733 2235 916 2311 retrectare,
938 2235 973 2294 ut
995 2249 1114 2314 psueos
1129 2228 1319 2313 indagarem
1339 2231 1426 2308 loeus,

315 2346 395 2408 quos
417 2327 473 2394 ille
495 2328 666 2398 omisisset.
710 2325 773 2394 duo
801 2332 941 2408 tentum,
974 2326 1028 2410 qui
1051 2346 1128 2392 essu
1149 2333 1181 2394 et
1208 2326 1337 2392 fortuitu
1356 2325 1427 2392 mihi

315 2432 528 2506 decurrerunt,
552 2423 674 2494 addidi.
718 2424 752 2490 hi
774 2429 863 2492 sunt:
887 2448 910 2512 Ιτ
932 2429 996 2490 ltu
1019 2425 1143 2510 φρίξας
1166 2416 1203 2490 εὗ
1225 2421 1359 2510 λοφιήν,
1379 2423 1428 2488 ubi
1504 2475 1505 2478 ,

315 2519 452 2590 fumasse
473 2522 616 2590 Kndsine
639 2510 675 2588 εὖ
698 2521 778 2604 legit
800 2522 851 2595 tel.
874 2541 907 2605 p.
932 2523 1016 2603 106),
1040 2527 1073 2590 et
1097 2523 1126 2590 Ο
1147 2524 1211 2588 397
1235 2529 1279 2599 (v.
1301 2531 1332 2609 p:
1354 2523 1427 2592 litt.

324 2665 328 2672 -
401 2620 526 2686 numeri
547 2619 644 2702 igitur
665 2617 700 2684 hi
722 2625 796 2686 sunt
816 2620 976 2700 loeursm,
1010 2619 1125 2702 quibus
1149 2617 1327 2686 seeundum
1347 2619 1427 2701 leget

263 2769 266 2774 .
316 2714 467 2783 metriees
489 2713 652 2797 digamma

528 2863 530 2871 ’
586 2861 780 2928 necessarium,
815 2877 869 2918 non
886 2862 1095 2926 necessarium·
1112 2863 1263 2932 neglectum
1281 2867 1333 2918 est:

318 2940 380 3022 eto,
403 2941 451 3022 to,
475 2929 522 3010 εὖ.
679 2947 728 3010 14.
976 2947 994 3007 τ
1258 2952 1285 3010 l.

318 3039 412 3107 ἕθεν.
696 3043 726 3106 7.
956 3045 1004 3105 11.
1234 3077 1277 3090 -

318 3137 362 3204 ol.
654 3141 727 3203 643.
840 3139 913 3224 plus
938 3141 1007 3204 180.
1161 3155 1164 3164 ¹
1209 3141 1338 3219 ΠΗ-θ)

318 3234 345 3302 ἕ.
680 3239 730 3300 64.
958 3240 1009 3300 15.
1259 3241 1286 3302 1.

319 3330 419 3428 {53—
678 3335 730 3396 45.
937 3335 1007 3398 tre.
1062 3358 1065 3368 ·
1234 3337 1286 3400 et.

318 3416 1427 3518 mmmmm

318 3581 385 3658 ium
413 3589 549 3668 apparet
574 3584 671 3666 leuge
698 3583 846 3666 plurimis
870 3581 966 3664 letis,
998 3583 1115 3666 quibus
1142 3584 1265 3656 tormen
1292 3606 1314 3652 a
1340 3583 1428 3665 stirpe

321 3701 381 3744 urs
406 3678 570 3754 derivatae
590 3687 799 3763 usurpentur,
829 3679 983 3764 digammi
1010 3681 1167 3749 rationem
1188 3681 1330 3754 habitem
1350 3695 1427 3754 esset

320 3774 381 3842 sed
401 3779 576 3859 permultos
596 3778 694 3844 etiem
716 3796 788 3859 eos,
818 3796 859 3843 ex
880 3777 995 3860 quibus
1016 3775 1099 3846 nihil
1125 3780 1234 3863 colligi
1263 3777 1373 3863 pessit,
1400 3779 1428 3839 ti

321 3875 554 3958 quinquaginta
579 3874 646 3942 lere
673 3876 719 3942 ila
747 3893 818 3942 esee
845 3881 1047 3958 eomparatur
1054 3923 1062 3957 ,
1092 3881 1128 3942 ut
1149 3872 1428 3960 digemmsnegle

322 3975 408 4053 ptum
431 3990 505 4048 esse
524 3970 681 4040 videatur.
725 3972 837 4041 horum
863 3979 973 4041 eutem
996 3973 1058 4064 trie
1079 3980 1155 4044 sunt
1175 3995 1310 4058 genere:
1332 3988 1426 4047 uuum,
