3020 4878
220 379 253 434 de
270 379 459 448 pronominum
476 377 658 449 personalium
675 377 768 476 termis
785 381 814 432 ot
830 393 882 432 usu
898 375 1049 432 Homerios.
1133 370 1193 434 its

88 559 201 618 suntet
225 553 382 635 pleraque
403 571 444 618 ex
472 551 562 618 libris
584 571 647 618 non
675 551 754 616 setis
781 555 977 616 vetustorum
1005 548 1193 633 scriptorum
1263 629 1265 634 Α

88 651 209 734 repetitu
229 658 261 716 et
283 651 360 733 quia
381 670 430 732 eo,
454 670 548 734 quem
571 669 630 732 ego
652 651 716 715 ism
740 648 941 731 expositurus
963 667 1041 729 sum,
1067 645 1194 714 ratione

88 749 157 814 haee
177 768 300 831 quoque
322 749 417 814 iuoile
440 748 593 831 explioori
617 755 759 831 possunt.

162 854 207 912 est
234 853 340 912 sutem
368 847 448 912 haee
477 846 637 912 sententis
659 845 902 928 Windisohi,
935 866 1030 930 quum
1063 843 1195 928 protulit

88 946 115 1008 in
140 946 362 1010 commentario
391 944 701 1026 ,Untersuohungen
737 945 816 1009 tiber
850 944 912 1010 den
942 944 1109 1029 Ursprung
1138 940 1195 1010 des

88 1043 395 1126 Relativpronomens
423 1042 457 1106 in
486 1041 549 1108 don
577 1040 898 1128 indogermopisohon
929 1041 1130 1126 Spreohenffi
1148 1040 1195 1104 in·

88 1140 191 1223 scripto
206 1147 236 1205 et
252 1139 340 1206 Ourti
356 1139 531 1205 studiorum
547 1139 688 1206 seeundo
704 1140 857 1205 volumini
872 1141 1002 1222 inserto,
1022 1159 1074 1224 pp.
1090 1141 1195 1204 329-

90 1241 150 1302 373.
191 1257 284 1320 quern
306 1239 352 1303 itu
374 1258 506 1320 sequar,
536 1245 571 1303 ut
592 1237 639 1304 eis
661 1244 799 1320 tentum,
830 1257 913 1320 queo
944 1239 1001 1305 iile
1032 1245 1194 1318 tamquam

87 1335 208 1400 iruotum
229 1335 456 1419 disputationis
478 1333 657 1420 proposuit,
686 1343 772 1415 utor,
802 1336 844 1402 de
865 1336 978 1402 oeten's
1000 1342 1105 1402 autem
1129 1353 1194 1415 eos,

86 1433 132 1515 qui
158 1441 345 1516 arguments
375 1453 428 1498 me
460 1439 609 1517 poseant,
643 1432 686 1498 ud
714 1433 814 1514 ipsius
840 1433 1017 1500 Windisohi
1047 1433 1196 1500 dissertu-

87 1531 192 1596 tiouem
214 1533 392 1614 ablegem,
411 1551 474 1614 qna
497 1533 619 1609 omnia,
650 1551 733 1613 quse
755 1531 798 1596 ad
819 1551 874 1593 rou
901 1531 1008 1616 stirpis
1031 1531 1195 1615 originem,

86 1629 356 1710 significationem,
385 1649 476 1696 iusum
498 1631 675 1716 pertinent,
705 1629 924 1713 copiosissime
946 1630 1091 1713 exposite
1113 1635 1196 1695 sunt.

162 1728 313 1810 primaria
340 1729 436 1811 igitur
464 1750 519 1792 ruo
541 1727 649 1811 stirpis
678 1726 869 1810 signifiostio
897 1735 946 1794 est
976 1727 1097 1811 „ipse“,
1131 1747 1196 1792 non

87 1831 184 1890 tamon
204 1845 326 1892 merum
348 1827 470 1910 ,ipse“‚
494 1825 552 1892 sod
574 1844 655 1907 ,ego
677 1825 757 1908 ipse,
781 1825 910 1910 tuipse,
933 1825 960 1891 is
975 1825 1075 1908 ipse“,
1099 1845 1197 1909 quon·

88 1920 143 1984 ian
173 1923 347 2005 antiquitus
379 1923 421 1989 ud
455 1942 712 2006 unamquamque
744 1942 913 2006 personam
946 1922 1068 1988 tormoe
1095 1943 1116 1988 a
1142 1942 1197 1986 suu

88 2019 175 2102 stirpe
204 2021 368 2088 derivatae
397 2021 508 2088 reterri
541 2027 699 2104 poterent.
744 2040 808 2103 quo
833 2039 870 2086 ro
899 2015 995 2086 otium
1022 2023 1196 2104 pronomen

88 2119 291 2198 possessivum
320 2119 420 2186 tribus
451 2119 597 2202 personis
627 2137 794 2184 commune
821 2124 907 2184 orat:
944 2137 1054 2196 ,meus
1086 2119 1197 2201 ipsius,

88 2221 151 2279 tuus
171 2215 278 2298 ipsius,
303 2218 372 2284 eius
393 2218 524 2300 ipsius“.
564 2224 596 2283 ot
616 2217 650 2280 in
672 2215 839 2282 Senseritu
861 2217 989 2299 quidem
1011 2217 1123 2299 ringus
1143 2214 1196 2280 hio

89 2331 155 2378 usus
175 2333 300 2397 semper
322 2316 449 2398 mansit,
471 2323 506 2380 ut
525 2313 661 2398 suo-jum
683 2313 768 2379 idem
790 2314 833 2380 sit
845 2321 941 2397 atque
955 2315 1104 2382 Latinum
1120 2313 1195 2397 ipre,

90 2429 151 2474 oum
171 2432 293 2480 merum
320 2435 391 2478 roo·
412 2413 473 2480 nisi
495 2414 529 2478 in
552 2413 778 2478 vocabulorum
801 2414 1030 2497 compositione
1053 2432 1118 2478 non
1140 2409 1197 2476 ed·

89 2511 247 2593 biberetur,
273 2533 345 2574 suos
365 2518 471 2578 autem
494 2510 579 2576 idem
602 2509 687 2592 quod
705 2512 858 2594 proprios
878 2518 950 2595 out,
973 2511 1059 2596 quod
1080 2510 1122 2577 ab
1144 2529 1197 2577 ou-

91 2608 153 2675 dem
181 2611 280 2694 stirpe
302 2599 481 2675 derivatum
510 2616 574 2688 est,
603 2605 702 2684 ἴδιος.
746 2609 780 2672 in
802 2609 943 2674 Zendioa
970 2611 1081 2692 lingue
1109 2616 1196 2674 retu¹

90 2707 236 2776 stissimue
264 2706 507 2789 siguifioationis
527 2706 697 2788 vestigium
724 2713 829 2771 exstat
854 2707 887 2771 in
910 2705 969 2770 hro
997 2706 1196 2789 pronomine,

91 2807 244 2887 quodetsi
272 2807 377 2892 ipsum
404 2825 529 2888 quoque
556 2805 658 2870 tribus
685 2804 831 2888 personis
858 2813 967 2887 aptum
995 2810 1059 2884 est,
1088 2811 1197 2870 tumen

91 2923 144 2966 non
164 2905 321 2986 integram
343 2903 484 2969 servavit
505 2902 570 2966 vim
592 2902 704 2986 ,ipso“
726 2902 939 2985 pronominis,
962 2901 1127 2968 sedidem
1149 2907 1198 2968 est

91 3008 175 3082 utque
195 3001 312 3066 Latine
339 3020 436 3083 ,ego‚
460 3008 509 3082 tu,
532 3001 560 3066 is
568 3004 591 3082 “,
622 2999 743 3064 maiore
765 2997 905 3081 quadarn
927 2999 960 3064 vi
981 2998 1196 3083 pronuntiata.

90 3097 162 3164 inter
175 3083 361 3182 Europaeis
374 3106 480 3164 eutem
503 3099 630 3181 linguas
652 3096 804 3181 primarie
818 3096 1006 3179 significatio
1019 3117 1075 3159 suo
1088 3095 1198 3180 stirpis

92 3197 197 3278 optime
224 3205 354 3263 servata
382 3204 431 3262 est
457 3196 491 3260 in
520 3195 673 3276 Slsviois,
708 3214 779 3259 oum
811 3195 845 3258 in
873 3196 921 3262 eis
947 3192 1138 3279 pronomine
1165 3200 1198 3260 et

92 3292 231 3362 reierivu
251 3303 284 3362 et
305 3296 489 3380 possessiva
509 3295 551 3360 ab
574 3294 636 3359 huo
650 3293 750 3376 stirpe
764 3293 910 3358 derivata
929 3292 973 3358 ad
996 3312 1107 3359 ornnes
1127 3311 1198 3377 per-

93 3409 177 3458 sonas
202 3392 313 3458 reterri
342 3393 475 3475 possint.
520 3399 631 3458 oontro
663 3391 695 3456 in
723 3391 842 3457 Latine
874 3397 905 3455 et
936 3392 970 3455 in
999 3390 1198 3456 Germaniois

93 3485 198 3570 linguis
219 3491 299 3557 haee
321 3491 417 3573 stirps
439 3511 460 3555 a
481 3490 584 3574 prima
607 3497 638 3556 et
659 3488 803 3555 seeundo
824 3488 970 3571 personis
992 3508 1120 3572 prorsus
1142 3489 1198 3554 ab·

94 3585 222 3654 alienato
244 3595 309 3671 est,
342 3588 427 3672 quod
449 3588 600 3654 faoillime
621 3584 689 3653 fieri
711 3592 852 3671 poterat,
882 3605 952 3651 oum
974 3586 1024 3652 his
1052 3577 1197 3670 personis

95 3686 265 3762 pronomine
285 3685 437 3752 reflexivo
460 3706 525 3751 non
547 3683 630 3751 adeo
652 3703 732 3767 opus
754 3689 839 3749 esset
861 3702 955 3765 quem
977 3684 1101 3751 tertiae.
1133 3705 1198 3751 me

96 3777 171 3846 dium
190 3783 352 3865 quendum·
370 3785 475 3849 lorum
498 3789 587 3849 tenet
601 3781 725 3847 Graeoa
745 3781 866 3864 lingua,
889 3782 923 3847 in
938 3802 1001 3864 qua
1015 3802 1069 3845 roo
1090 3782 1197 3867 stirpis

97 3877 268 3960 signifioetio
290 3902 370 3965 quas
392 3901 546 3967 perpessu
567 3882 608 3945 sit
629 3880 836 3961 mutationes,
859 3881 1036 3948 aoourstius
1057 3880 1122 3946 ism
1144 3879 1198 3946 do·

98 3979 321 4046 monstrandum
343 3985 401 4046 est.
