3020 4878
830 394 1013 455 (ἔσσετ’

319 567 393 631 aliis
414 567 494 634 loeis
516 572 569 632 rut
590 565 727 634 affirmat
748 568 990 650 castigationem
1013 567 1158 649 quemvis
1180 568 1294 650 leuem,
1316 575 1348 634 nt

320 707 350 766 K
372 705 510 785 249sq.:
548 703 704 789 Τυδείδη,
727 699 808 789 μήτ’
825 699 867 786 ἄρ
884 727 927 784 με
949 699 1030 786 μάλ’
1048 701 1138 768 αἴνεε
1161 701 1248 789 μήτέ
1270 729 1301 768 τι
1316 709 1416 770 νείκει·

475 895 479 914 ,
543 799 654 866 εἰδόσι
675 799 738 884 γάρ
761 825 815 864 τοι
836 806 940 864 ταῦτα
962 797 1039 910 μετ’
1062 798 1226 884 Ἀργείοις
1253 799 1416 886 ἀγορεύεις.
1493 859 1494 894 ,

318 955 445 1037 saepius
474 958 528 1017 rot
556 955 686 1037 ponitur
705 954 738 1018 iu
768 954 934 1020 sententiis
962 954 1115 1020 brevibus
1137 961 1169 1018 et
1197 955 1416 1036 proverbiorum

318 1052 484 1132 similibus,
508 1057 543 1115 ut
1492 1061 1493 1070 ¹

381 1191 512 1252 Nilo:
542 1182 617 1252 ἀλλ’
648 1181 833 1268 ἀκεώμεθα
863 1192 1013 1252 θᾶσσον·
1051 1183 1190 1251 ἀκεσταί
1223 1211 1278 1251 τοι
1313 1186 1418 1275 φρένες

1132 1283 1278 1351 ἐσθλῶν.

373 1387 415 1447 Μ
437 1385 515 1446 412:
539 1377 613 1444 ἀλλ’
631 1379 873 1467 ἐφομαρτεῖτε·
889 1377 1041 1446 πλεόνων
1054 1379 1092 1446 δέ
1106 1407 1161 1452 Ισοι
1177 1382 1275 1466 ἔργον
1291 1379 1418 1464 ἄμεινον.

317 1537 375 1604 sed
397 1538 528 1618 longum
550 1541 599 1604 est
627 1535 721 1618 plura
742 1535 894 1618 exempla
917 1535 1049 1617 afferre,
1083 1536 1271 1618 praesertim
1299 1556 1365 1602 oum
1389 1545 1435 1600 ea·

317 1657 380 1705 nou
403 1636 472 1718 ipse
494 1633 693 1717 collegerim,
723 1633 780 1698 sed
804 1633 1059 1716 Naegelsbaobio
1088 1632 1234 1698 debeam.
1279 1654 1367 1716 quam
1387 1627 1419 1696 ob
1492 1625 1493 1686 l

317 1754 384 1798 rem
407 1733 449 1798 ad
471 1733 606 1796 alterum
634 1751 736 1811 genus
758 1738 903 1812 transeo,
933 1731 1021 1800 ouius
1043 1732 1077 1796 iu
1100 1732 1257 1814 exemplis
1278 1732 1419 1816 loquentis

318 1831 420 1913 magis
443 1850 537 1913 quam
560 1828 720 1896 audientis
741 1829 883 1910 interest,
907 1837 942 1894 ut
963 1829 1007 1911 id,
1030 1829 1116 1912 quod
1136 1829 1232 1910 dieat,
1254 1830 1419 1896 affirmetur.

318 1930 417 1998 affero
440 1949 467 1994 e
490 1948 520 2010 g.

339 2091 358 2148 ρ
382 2067 519 2145 572sq.:
543 2109 966 2127 ..............
990 2061 1110 2143 εἵματα
1132 2060 1271 2145 γάρτοι

541 2155 636 2244 λύγρ)
661 2157 742 2238 dpu-
766 2154 873 2223 οἶσθα
895 2159 951 2223 καὶ
977 2155 1088 2237 αὐτός,
1159 2161 1165 2180 ¹

317 2313 369 2376 ubi
394 2308 593 2376 familiariter
615 2308 727 2373 Ulixes
749 2309 898 2373 miseram
921 2327 1010 2372 suam
1033 2307 1252 2374 ooudioionem
1277 2304 1420 2373 describit.

317 2437 358 2456 ⁴-
381 2408 544 2475 exousatio
565 2407 650 2472 inest
672 2407 706 2470 in
729 2407 874 2472 versibus

319 2563 513 2643 ouansque
542 2555 647 2640 αὐτὰρ
670 2556 735 2641 dyo)
758 2563 860 2644 θυμῷ
882 2557 967 2624 νοέω
991 2561 1048 2626 καὶ
1070 2554 1149 2624 otta
1173 2558 1308 2636 ἕκαστα,
1382 2641 1392 2652 η

543 2654 653 2722 ἐσθλά
668 2679 704 2721 τε
721 2654 834 2720 καὶτὰ
847 2655 980 2740 χέρεια·
1003 2655 1113 2741 πάρος
1130 2653 1163 2721 d'
1178 2657 1229 2722 ἔτι
1244 2655 1362 2744 νήπιος
1376 2653 1419 2738 ἦα.
1492 2725 1494 2740 ρ

543 2749 626 2818 ἄλλά
648 2771 702 2818 τοι
725 2751 763 2818 οὗ
787 2752 932 2835 δύναμαι
953 2754 1151 2836 πεπνυμένα
1174 2753 1284 2818 πάντα
1298 2760 1419 2840 roridos
1492 2749 1494 2816 l

541 2849 579 2918 ἐκ
601 2851 663 2936 γάρ
686 2877 728 2932 με
752 2850 943 2938 πλήσσουσι
959 2851 1148 2938 παρήμενοι
1164 2849 1311 2918 ἄλλοθεν
1326 2847 1419 2924 ἄλλος.

323 2975 422 3039 0221
437 2992 523 3055 sqq.:
546 2969 641 3054 έρχεο
665 2975 732 3050 νῦν,
756 2972 833 3057 φίλε
860 2976 981 3054 Φοῖβε,
1010 2968 1096 3053 μεθ’
1112 2967 1253 3087 Ἕκτορα
1273 2971 1420 3052 χαλκοκο-

542 3161 605 3253 ἤδη
628 3167 690 3247 μὲν
712 3163 774 3250 γάρ
796 3189 850 3230 τοι
871 3163 1031 3251 γαιήοχος
1054 3092 1263 3250 ἒννοιριέγῖιῖέονς

543 3261 670 3344 οἴχεται
692 3266 760 3328 κτλ.

318 3400 368 3464 bis
390 3400 497 3465 verbis
519 3401 639 3483 Iupiter
660 3399 829 3482 gaudium,
856 3419 917 3481 quo
940 3407 1070 3483 propter
1092 3400 1234 3483 Neptuni
1256 3400 1419 3466 absentiam

318 3497 451 3565 affectus
474 3504 531 3578 est,
553 3497 711 3582 signifieat
732 3507 764 3564 et
786 3505 855 3564 eam
879 3497 1141 3582 significationem
1157 3497 1271 3563 addita
1291 3503 1343 3562 τοί
1361 3515 1420 3580 par·

318 3595 417 3660 tiunla
437 3602 543 3679 auget.
853 3657 855 3664 ,
1114 3596 1117 3602 ’
1152 3609 1154 3615 ·
1289 3635 1294 3640 -

402 3693 482 3759 baeu
504 3693 662 3759 euifioiaut
683 3692 727 3760 ad
748 3693 973 3776 exponendam
994 3694 1167 3772 rationem,
1197 3713 1261 3776 qua
1283 3691 1419 3774 Naegels-

318 3790 450 3858 baobius
471 3792 505 3858 in
533 3799 600 3860 tota
621 3794 682 3858 bao
703 3791 889 3872 quaestione
918 3797 1063 3858 versatus
1092 3799 1148 3856 est.
1171 3813 1267 3880 ,nam
1290 3811 1367 3875 quae
1387 3788 1419 3852 de

234 3971 239 3984 ἱ
319 3887 396 3974 ἦτοι
410 3889 567 3972 partioula
581 3889 758 3978 composita
773 3898 919 3958 aoourate
934 3889 1093 3970 disseruit,
1116 3891 1215 3954 multo
1234 3888 1418 3973 pauoiorr'bus

318 3986 426 4052 verbis
439 4006 687 4054 commemorare
707 3993 847 4070 possum.
877 3989 1003 4071 soripsit
1017 3995 1123 4054 autern
1139 4008 1202 4056 uuo
1225 3995 1332 4054 tenore
1345 3980 1418 4072 ἤτοι,
