3020 4878
224 415 259 470 da
275 417 463 485 pronominum
480 419 660 487 personalium
677 420 770 478 formis
789 425 816 477 et
834 439 886 480 usu
903 423 1055 481 Homerico.
1141 423 1201 484 107

82 598 264 677 evanuisse,
299 604 334 661 ut
361 597 418 674 μίν
447 593 536 661 fieret
564 612 605 660 ex
628 589 708 674 Ιμιν.
753 595 835 661 base
856 595 1029 681 explieatio
1046 597 1131 666 satis
1153 605 1202 666 est

81 692 265 780 probabitis.
310 710 407 759 unum
434 701 544 759 tamen
571 691 693 773 habeo,
727 690 760 758 in
790 711 852 776 quo
880 713 902 760 a
929 693 1016 760 curn
1042 695 1202 764 sententia

81 791 294 860 resedendum
317 809 389 857 esso
409 797 528 876 putem.
565 788 642 855 dieit
664 789 749 856 euim
772 791 804 857 in
826 794 1000 859 vetustiore
1020 793 1122 860 forma
1143 795 1200 876 μιν

81 891 287 957 mutationem
309 913 333 972 μ
355 889 478 958 naualis
499 888 533 953 in
556 911 574 952 ν
596 887 699 953 atine
720 888 870 954 voeabuli
892 897 977 956 retro
999 909 1201 975 progressam

81 989 223 1056 effecisse
247 989 396 1055 Doricam
426 987 560 1052 formam
583 988 645 1050 νίν.
688 1003 802 1051 versor
828 993 951 1070 autem,
983 995 1018 1054 ut
1045 989 1106 1056 hoo
1134 988 1201 1056 fieri

82 1087 227 1170 potuerit.
270 1085 396 1152 facilius
418 1090 504 1151 nerto
525 1107 558 1164 μ,
585 1100 669 1166 quae
691 1082 795 1166 priore
815 1084 886 1150 loeo
907 1084 941 1150 in
965 1084 1041 1168 ἰμιμ
1062 1106 1202 1170 pronun·

82 1185 190 1268 tiatur,
222 1185 257 1249 in
280 1209 297 1248 ν
320 1182 435 1249 mutari
462 1181 581 1265 potuit,
612 1186 785 1264 antequam
815 1181 878 1247 duo
905 1184 1079 1250 aeeusativi
1107 1182 1201 1267 ipsiu

81 1301 176 1347 unum
198 1281 392 1348 vocabulum
416 1280 615 1354 [coaluerunt.
659 1278 721 1344 hoo
749 1279 834 1344 enim
860 1280 894 1345 iu
918 1281 1035 1347 Doriea
1061 1281 1200 1349 diateoto

81 1381 179 1448 serius
199 1399 297 1464 quam
313 1380 348 1442 in
370 1377 481 1443 Ioniea
499 1374 651 1444 evenisse
672 1375 852 1460 putandum
874 1383 933 1443 est.
956 1413 996 1424 -
1019 1379 1200 1446 nomina-

81 1478 161 1545 tivo
183 1476 200 1542 ‘a'
219 1477 378 1543 Homerus
399 1495 464 1541 non
486 1474 592 1540 utitur.
636 1493 712 1541 nam
734 1481 844 1541 eontra
866 1493 931 1559 eos,
954 1495 1034 1560 quos

92 1703 97 1720 ι
120 1627 157 1686 Χ
176 1626 255 1687 11οε
277 1627 325 1708 τῴ
349 1619 386 1688 δὲ
408 1615 547 1702 μάλιστ’
564 1615 622 1706 ἄρ’
645 1615 703 1708 b'qo
727 1617 924 1703 ἐναλίγκιον,
947 1613 993 1699 ὦς
1014 1621 1029 1686 ‘i
1050 1617 1183 1704 ἅπασα,

82 1789 135 1852 pro
157 1764 203 1846 ὥς
227 1764 259 1832 εἰ
281 1761 398 1830 ἅπασα
420 1765 586 1850 scripsisse
607 1763 759 1831 traditum
781 1771 845 1846 est,
872 1763 1006 1832 muitum
1028 1766 1117 1833 valet
1138 1765 1201 1836 He·

81 1865 201 1932 rodiani
229 1865 418 1947 auotoritas,
449 1863 502 1946 qui
530 1863 622 1929 dieii:
660 1854 719 1928 obs
746 1857 820 1930 οἶδε
844 1861 881 1928 et
904 1857 923 1926 ὅ
945 1861 1092 1950 ποιητὴς
1122 1861 1198 1930 οὔτε

81 1961 138 2051 τὴν
158 1963 175 2029 ἵ
194 1959 272 2029 οὔτε
295 1959 356 2047 τὴν
379 1971 490 2048 σφεῖς.

161 2059 217 2126 IV.
247 2061 406 2126 Primae
428 2065 460 2126 et
482 2057 686 2126 seeuudae
707 2077 910 2144 personae
931 2059 1085 2126 numeri
1109 2062 1199 2144 piu-

83 2159 177 2225 ralis
206 2159 345 2240 formae,
377 2176 460 2240 quaa
482 2155 570 2239 apud
592 2155 764 2223 Homerum
785 2157 951 2240 leguntur,
980 2158 1101 2224 mixtae
1123 2163 1199 2224 sunt

82 2275 119 2322 ex
149 2255 265 2322 Ionieis
302 2261 334 2322 et
367 2255 518 2323 Aeoiieis.
571 2253 612 2321 de
648 2255 698 2321 bis
734 2255 843 2322 formis
879 2259 1048 2339 postquam
1080 2257 1199 2322 multas

81 2354 245 2438 vanasque
260 2353 438 2421 sententias
452 2352 512 2418 viri
527 2351 613 2419 doeti
634 2353 835 2436 protulerunt
849 2371 910 2419 noe
924 2360 1034 2420 tamen
1052 2373 1197 2437 magnas,

83 2471 160 2533 quae
186 2451 290 2518 ineis
318 2452 425 2517 inesse
452 2449 661 2531 videbantur,
694 2449 896 2518 difficultates
926 2471 1057 2536 prorsus
1084 2453 1199 2520 tollere

82 2555 256 2632 potnerunt,
279 2569 382 2633 nuper
396 2546 457 2614 Ad.
472 2547 649 2614 ibitsebius
670 2549 704 2614 in
720 2548 954 2632 dissertatione,
978 2549 1019 2615 de
1040 2551 1198 2617 vooaiium

83 2645 270 2712 Graecarum
291 2645 486 2730 hyphaeresi
513 2645 632 2730 seripta
653 2665 771 2712 novam
799 2647 924 2714 invenit
950 2648 1199 2731 explieationem

83 2746 122 2820 (r.
143 2743 228 2810 Cart.
249 2743 340 2810 stud.
360 2743 414 2826 VI,
441 2747 499 2809 118
515 2749 597 2828 sqq.)
620 2763 755 2828 eamque
775 2743 854 2810 mibi
876 2743 1004 2827 quidem
1028 2747 1106 2812 satis
1128 2767 1199 2831 pro·

82 2841 176 2908 bavit.
218 2841 303 2908 bane
330 2842 426 2924 igitur
454 2842 524 2926 ipse
551 2842 585 2910 iu
607 2841 743 2924 singuiis
764 2841 874 2908 formis
901 2842 1128 2909 enumerandis
1150 2863 1199 2912 se·

83 2957 166 3020 quar.
187 2977 229 2986 -
251 2939 427 3007 Fritsobius
454 2935 548 3006 binas
577 2940 713 3024 sumpsit
739 2939 871 3024 stirpes:
908 2944 1033 3019 *osma
1061 2939 1196 3024 *jesema

83 3055 101 3100 a
131 3038 241 3120 quibus
274 3037 396 3103 formae
428 3035 580 3104 Aeolieae
613 3045 644 3104 et
674 3036 811 3102 Dorioae
848 3034 1013 3102 derivatae
1049 3037 1128 3120 sint,
1166 3044 1199 3104 et

84 3137 222 3214 *aomo-i,
246 3133 407 3219 *jussae-i,
430 3134 580 3217 aquibus
594 3134 733 3210 Iouioae.
763 3133 797 3200 in
818 3135 890 3218 ipsa
912 3134 1051 3200 dialecto
1067 3135 1199 3203 Aeoliea

84 3232 192 3316 stirpes
206 3239 282 3300 sunt
296 3227 396 3314 ἄμμε,
412 3227 509 3314 ὐμμε,
528 3238 676 3300 servatae
690 3232 724 3298 in
738 3231 930 3300 aecusativis
944 3227 1051 3313 ἄμμε
1074 3227 1197 3314 ὔμμε,

83 3330 132 3410 qui
159 3328 255 3398 etiam
286 3329 374 3414 apud
402 3323 592 3414 Homerum,
626 3331 929 3407 ε11θε131Α59.
964 3333 1003 3394 Η
1022 3331 1094 3394 292.
1124 3329 1197 3398 378.
1276 3395 1280 3404 ,

84 3428 149 3489 397,
181 3433 214 3491 Κ
234 3431 307 3493 346.
336 3425 439 3497 Ξ62.
474 3429 594 3493 Σ168.
624 3431 662 3490 Χ
681 3430 753 3493 219.
788 3429 819 3492 Ω
842 3431 913 3493 355.
944 3431 1051 3493 ι404.
1081 3429 1195 3494 aaut.

36 3571 41 3584 .
84 3526 194 3602 patr.
221 3549 241 3606 χ
265 3527 334 3605 73),
368 3526 452 3591 alter
474 3530 493 3588 4
516 3523 594 3591 loeis
616 3527 664 3603 (Ψ
684 3529 755 3612 412.
785 3529 897 3591 eset.
928 3547 949 3589 σ
971 3529 1043 3614 407.
1073 3549 1099 3588 ω
1125 3529 1196 3605 109)

83 3628 276 3706 usurpantur.
305 3656 349 3670 —
376 3622 566 3688 nominativi
594 3623 722 3688 formati
744 3627 818 3690 sunt
848 3621 1073 3688 terminatione
1097 3623 1198 3689 norni-

84 3719 177 3784 uatiri
204 3720 378 3804 singularis
402 3745 433 3800 ς,
463 3719 549 3803 quod
570 3720 685 3786 mirum
714 3739 871 3790 essenon
896 3726 1017 3804 potest,
1046 3722 1195 3804 quoniam

85 3815 172 3882 etiarn
206 3818 241 3883 in
284 3817 416 3901 linguae
452 3818 637 3906 Senseritae
673 3817 914 3902 pronominibus
956 3817 1197 3886 terminationes

84 3912 250 3996 singularis
287 3917 411 3982 numeri
448 3935 520 3982 eum
563 3916 742 4000 pluralibus
778 3915 957 4000 promiscue
993 3915 1195 3982 adhibentur.

86 4016 150 4074 sunt
174 4011 270 4096 igitur
299 4012 420 4080 formae
442 4011 595 4083 Aaoiieae
617 4009 768 4096 ἄμμες,
800 4029 882 4096 quae
904 4017 929 4077 4
945 4011 1025 4080 ioris
1052 4017 1101 4094 (Φ
1122 4015 1194 4078 tan.
