3020 4878
221 419 254 476 rie
270 419 459 490 pronominum
476 419 659 492 personnlium
675 418 769 474 formis
787 423 814 472 et
831 433 883 472 osu
899 415 1052 473 Homerico.
1136 413 1195 475 105

82 591 187 676 poueis
207 591 317 661 iormis
338 592 544 660 vetustiorem
569 615 628 660 rso
650 591 784 676 stirpem
811 597 972 658 servetem
994 607 1080 671 esse,
1114 609 1198 672 quoe

82 696 129 756 ost
148 689 246 759 etiem
267 690 301 756 in
321 687 402 776 τύνη
425 691 624 758 nominativo
646 707 791 772 quaeque
817 687 932 756 addito
960 709 1019 774 φιν
1048 689 1197 756 termino

81 787 163 854 tione
183 786 328 854 dativum
349 788 455 856 effeeit
482 787 569 866 τεῒν,
602 789 657 871 qui
684 786 772 872 apud
794 785 966 854 Homerum
994 785 1117 855 oletis
1144 805 1198 854 ex·

82 891 141 952 stet
173 889 225 965 (A
246 888 318 952 201.
353 883 468 952 eote.
503 888 575 952 829.
606 885 720 956 toto.
754 883 880 964 01¹9).
929 883 1080 966 volgares
1109 883 1197 969 opud

82 1001 149 1048 sum
163 989 239 1050 sunt
255 981 378 1050 iormoo
398 986 465 1048 σοί
487 990 519 1051 et
541 987 625 1061 σοί,
647 1001 783 1066 qnmum
796 981 901 1052 altere
915 980 1072 1078 epelitioe,
1095 981 1198 1048 altere

83 1077 274 1161 ὀρθοσόνιος
301 1081 438 1164 ponitur.
482 1087 514 1148 et
541 1080 618 1163 quie
645 1079 857 1148 orthotonesis
885 1077 932 1146 eis
960 1083 1085 1146 tontum
1117 1077 1197 1145 loeis

82 1174 128 1258 fit,
158 1178 272 1261 quibus
305 1177 496 1262 significatio
527 1177 726 1262 pronominis
756 1177 866 1260 aliquo
897 1174 993 1242 modo
1024 1182 1197 1260 prematur,

82 1282 325 1344 eonsentonoum
347 1281 396 1343 est
416 1276 538 1343 iormoe
552 1278 608 1340 τοι
621 1276 771 1360 exempla
785 1275 885 1341 multo
907 1273 1001 1359 pluro
1016 1292 1087 1340 esse
1102 1293 1197 1356 quom

82 1370 196 1439 lormoe
219 1377 292 1458 ool;
321 1381 353 1440 et
374 1373 532 1459 triplieem
559 1373 628 1440 lere
654 1391 821 1440 numerum
842 1371 963 1438 inveni.
1007 1389 1068 1438 neo
1089 1378 1198 1439 temen

84 1474 148 1550 aot,
175 1471 204 1536 si
225 1491 246 1536 n
268 1471 509 1556 comparatione
530 1491 601 1538 eum
623 1475 678 1538 σοι
697 1469 892 1552 resedimus,
917 1488 992 1536 rero
1017 1476 1198 1553 usurpetur.

83 1601 121 1612 -
150 1569 292 1651 genetivi
321 1570 454 1636 easdem
476 1575 550 1636 sunt
574 1569 696 1638 formae
723 1575 820 1651 etque
847 1567 881 1633 in
910 1565 1015 1650 prima
1042 1585 1220 1650 personet

85 1669 206 1732 σέθεν
236 1667 418 1750 (itioris),
451 1677 545 1733 σεῖο
568 1669 621 1744 (28
643 1667 751 1749 loeis),
785 1670 857 1732 σεῦ
887 1667 940 1741 (34
962 1663 1064 1742 loeis).
1107 1683 1200 1748 prns-
1317 1690 1322 1704 ³

83 1764 269 1830 teroe‘mirn
289 1765 449 1847 quaedem
472 1771 578 1830 exstet
600 1764 703 1831 iormo
730 1773 848 1828 τεοῖο
879 1764 909 1828 Θ
932 1765 983 1828 37.
1006 1763 1084 1843 488,
1115 1769 1199 1828 utro

84 1879 141 1942 que
165 1861 234 1928 loeo
260 1862 295 1927 in
324 1862 438 1929 eodem
466 1881 561 1928 versu
590 1869 623 1928 et
650 1881 688 1928 eo
717 1860 862 1944 quidem,
896 1879 990 1942 quem
1022 1860 1199 1942 posteriore

83 1957 380 2123 llzegottuipisterehns
407 1959 552 2041 olerent,
586 1960 693 2044 priore
723 1978 765 2025 ne
794 1957 957 2041 scripserit
984 1955 1114 2040 quidem
1142 1957 1199 2024 Ze

220 2169 268 2252 ὥς
289 2173 334 2260 μὴ
358 2174 484 2254 πάντες
507 2173 651 2241 ὄλωνται
674 2170 922 2256 ὀδυσσαμένοιο
944 2181 1048 2238 τεοῖο.

85 2305 122 2372 de
143 2308 200 2374 hae
219 2308 322 2373 formo
341 2313 427 2374 reete
448 2307 610 2378 iudieesse
631 2307 757 2376 videtur
778 2301 962 2374 Dronekius
985 2303 1076 2384 (Mus
1095 2305 1198 2373 Rhen.

85 2403 140 2486 IX,
164 2409 216 2470 111
235 2414 311 2488 sq.),
341 2425 412 2471 eum
435 2425 507 2474 eam
528 2407 751 2490 interpolatori
779 2403 941 2490 tribuerit3
969 2403 1022 2486 qui
1045 2424 1116 2470 eum
1138 2403 1199 2468 ior-

85 2521 164 2566 mam
197 2508 356 2569 vetustam
389 2510 421 2569 et
453 2504 565 2588 opicae
602 2503 738 2572 dialecto
770 2504 1045 2573 accommodatam
1079 2499 1200 2586 fingere

86 2599 227 2683 studeret,
252 2620 359 2668 errare
380 2601 533 2670 facillime
555 2603 668 2688 potuit.
698 2603 853 2670 vetustior
873 2603 970 2688 stirps
990 2625 1048 2668 ονε
1071 2606 1200 2667 servata

87 2703 131 2762 est
151 2697 243 2764 etiem
265 2697 299 2766 in
321 2700 511 2784 pronomine
537 2701 719 2784 possessivo
746 2699 859 2780 νεός,
892 2699 978 2785 quod
1006 2717 1199 2783 quemquem

88 2795 177 2860 multo
209 2795 314 2890 rarius
342 2817 437 2881 quam
472 2797 617 2866 Ionicum
647 2794 735 2877 σός,
773 2805 883 2865 tamen
915 2797 994 2866 satis
1026 2815 1124 2882 saepe
1156 2794 1199 2862 ab

88 2889 216 2960 Homero
238 2901 411 2978 usurpatur
432 2900 485 2972 (40
507 2895 608 2974 loeis).

163 2989 222 3056 III.
266 2993 435 3061 Tertiae
457 3013 663 3078 personne
685 2991 843 3060 numeri
865 2989 1093 3076 singularis
1115 2988 1200 3054 dune

89 3093 154 3153 sunt
182 3089 314 3174 stirpes:
352 3112 411 3156 ore
441 3099 473 3158 et
504 3089 526 3160 ἰ.
571 3091 678 3176 stirpis
709 3110 769 3157 ore
799 3087 933 3157 eaedem
967 3094 1041 3156 sunt
1067 3086 1199 3167 formae,

89 3203 161 3266 quae
187 3187 220 3252 in
248 3187 353 3271 prima
386 3195 418 3256 et
447 3189 590 3256 seeundo
625 3208 764 3274 persona
791 3207 812 3252 a
839 3210 898 3268 με,
936 3209 973 3252 σε
1003 3184 1198 3252 derivantur.

89 3282 234 3350 ooeedunt
269 3303 328 3351 eoe
363 3291 507 3370 motum,
549 3287 583 3354 in
619 3286 734 3370 quibus
770 3309 785 3350 ε
820 3282 957 3365 voeatis,
997 3300 1080 3366 quoe
1114 3281 1199 3348 inter

91 3401 108 3443 o
140 3388 169 3447 ot
198 3405 220 3447 s
263 3400 322 3466 per
357 3384 539 3472 anaptyxin
575 3393 645 3452 orte
688 3391 752 3467 est,
793 3389 914 3463 exstet,
953 3399 1037 3464 quoe
1078 3378 1200 3447 formae

90 3479 178 3545 multo
205 3479 343 3546 rariores
370 3487 446 3548 sunt
473 3492 569 3565 qu'nm
596 3484 729 3550 alterae.
773 3477 815 3548 ts
844 3477 1046 3545 aecusativus
1074 3477 1200 3544 (luobus

89 3573 158 3644 loeis
179 3581 222 3652 (Υ
244 3582 314 3643 171.
337 3578 369 3640 Ω
395 3577 477 3664 134),
501 3577 519 3644 ἕ
539 3582 580 3644 75
602 3579 682 3646 loeis
703 3584 891 3663 usurpatum
913 3573 980 3640 ἑοῖ
1002 3573 1130 3643 donnus
1151 3575 1201 3643 bis

90 3669 119 3736 in
138 3673 247 3742 eodem
268 3673 429 3742 locutione
452 3683 569 3744 exstet:

59 3808 63 3820 ·
126 3795 159 3855 Ν
175 3796 252 3859 495:
275 3788 322 3870 ὡς
343 3791 398 3859 'olio
420 3793 510 3858 λαῶν
533 3792 638 3873 ἔθνος
660 3791 892 3876 ἐπισπόμενον
914 3789 969 3856 ἑοῖ
989 3787 1090 3878 αὐτῷ,
1113 3798 1146 3858 et

85 3971 91 3986 ι
129 3890 147 3956 ὅ
167 3895 220 3959 38:
250 3887 420 3978 ὀτρηροὺςΔ
437 3887 655 3977 θεράποντας
677 3889 747 3974 ἅμα
770 3887 927 3956 σπέσθαι
949 3885 1003 3954 ἑοῖ
1023 3883 1124 3974 αὐτῷ.

92 4005 128 4074 ol
145 4012 301 4080 sementis
322 4011 402 4082 loeis
428 4011 556 4096 legitur.
589 4048 630 4061 -
666 4009 808 4094 genetivi
829 4007 952 4078 formae
974 4011 1062 4078 suni:
1099 4004 1200 4075 ἕθεν
