<?xml version="1.0" encoding="UTF-8"?>
<!DOCTYPE html PUBLIC "-//W3C//DTD XHTML 1.0 Transitional//EN"
    "http://www.w3.org/TR/xhtml1/DTD/xhtml1-transitional.dtd">
<html xmlns="http://www.w3.org/1999/xhtml" xml:lang="en" lang="en">
 <head>
  <title>
</title>
<meta http-equiv="Content-Type" content="text/html;charset=utf-8" />
  <meta name='ocr-system' content='tesseract 3.04.00' />
  <meta name='ocr-capabilities' content='ocr_page ocr_carea ocr_par ocr_line ocrx_word'/>
</head>
<body>
  <div class='ocr_page' id='page_1' title='image "./studienzurgriec04curtgoog_0116.png"; bbox 0 0 3020 4878; ppageno 0'>
   <div class='ocr_carea' id='block_1_1' title="bbox 270 367 880 428">
    <p class='ocr_par' dir='ltr' id='par_1_1' title="bbox 270 367 880 428">
     <span class='ocr_line' id='line_1_1' title="bbox 270 367 880 428; baseline -0.007 0"><span class='ocrx_word' id='word_1_1' title='bbox 270 367 331 428; x_wconf 86' lang='grc'><strong>104</strong></span> <span class='ocrx_word' id='word_1_2' title='bbox 791 369 880 425; x_wconf 81' lang='lat' dir='ltr'><strong>Cauer</strong></span> 
     </span>
    </p>
   </div>
   <div class='ocr_carea' id='block_1_2' title="bbox 143 539 1389 916">
    <p class='ocr_par' dir='ltr' id='par_1_2' title="bbox 143 539 1389 916">
     <span class='ocr_line' id='line_1_2' title="bbox 269 539 1388 624; baseline 0 -16"><span class='ocrx_word' id='word_1_3' title='bbox 269 546 393 608; x_wconf 65' lang='lat'>3241.</span> <span class='ocrx_word' id='word_1_4' title='bbox 426 544 499 607; x_wconf 80' lang='lat'><strong>431.</strong></span> <span class='ocrx_word' id='word_1_5' title='bbox 532 565 560 606; x_wconf 81' lang='grc' dir='ltr'><strong><em>π</em></strong></span> <span class='ocrx_word' id='word_1_6' title='bbox 581 543 654 608; x_wconf 84' lang='grc'><strong>439.</strong></span> <span class='ocrx_word' id='word_1_7' title='bbox 689 562 710 605; x_wconf 84' lang='lat' dir='ltr'><strong>o</strong></span> <span class='ocrx_word' id='word_1_8' title='bbox 732 544 802 608; x_wconf 79' lang='lat'><strong>273.</strong></span> <span class='ocrx_word' id='word_1_9' title='bbox 843 565 863 605; x_wconf 84' lang='grc' dir='ltr'><strong><em>τ</em></strong></span> <span class='ocrx_word' id='word_1_10' title='bbox 884 543 936 606; x_wconf 86' lang='grc'><strong>99.</strong></span> <span class='ocrx_word' id='word_1_11' title='bbox 971 543 1074 622; x_wconf 82' lang='grc' dir='ltr'><strong>ψ78.</strong></span> <span class='ocrx_word' id='word_1_12' title='bbox 1111 543 1193 618; x_wconf 89' lang='grc'>114).</span> <span class='ocrx_word' id='word_1_13' title='bbox 1247 539 1388 624; x_wconf 86' lang='lat' dir='ltr'><strong>reliquae</strong></span> 
     </span>
     <span class='ocr_line' id='line_1_3' title="bbox 268 635 1389 722; baseline -0.001 -17"><span class='ocrx_word' id='word_1_14' title='bbox 268 640 390 706; x_wconf 87' lang='lat' dir='ltr'><strong>formae</strong></span> <span class='ocrx_word' id='word_1_15' title='bbox 411 637 611 705; x_wconf 80' lang='lat' dir='ltr'><strong>laotaesuut</strong></span> <span class='ocrx_word' id='word_1_16' title='bbox 625 638 755 722; x_wconf 76' lang='lat' dir='ltr'><strong>syllaba</strong></span> <span class='ocrx_word' id='word_1_17' title='bbox 770 637 842 722; x_wconf 88' lang='lat' dir='ltr'><strong>ojo:</strong></span> <span class='ocrx_word' id='word_1_18' title='bbox 864 635 1016 722; x_wconf 69' lang='lat' dir='ltr'><strong>*iptoja</strong></span> <span class='ocrx_word' id='word_1_19' title='bbox 1037 637 1116 704; x_wconf 89' lang='lat' dir='ltr'><strong>inde</strong></span> <span class='ocrx_word' id='word_1_20' title='bbox 1131 637 1241 705; x_wconf 87' lang='lat' dir='ltr'><strong>deleta</strong></span> <span class='ocrx_word' id='word_1_21' title='bbox 1257 659 1279 704; x_wconf 91' lang='grc' dir='ltr'>σ</span> <span class='ocrx_word' id='word_1_22' title='bbox 1300 640 1389 705; x_wconf 87' lang='lat' dir='ltr'><strong>litera</strong></span> 
     </span>
     <span class='ocr_line' id='line_1_4' title="bbox 269 734 1389 819; baseline 0.002 -17"><span class='ocrx_word' id='word_1_23' title='bbox 269 734 403 819; x_wconf 88' lang='grc' dir='ltr'><strong><em>ἐμεῖο,</em></strong></span> <span class='ocrx_word' id='word_1_24' title='bbox 433 735 519 819; x_wconf 88' lang='lat' dir='ltr'><strong>quod</strong></span> <span class='ocrx_word' id='word_1_25' title='bbox 542 741 579 800; x_wconf 84' lang='lat'><strong>51</strong></span> <span class='ocrx_word' id='word_1_26' title='bbox 605 735 684 801; x_wconf 90' lang='lat' dir='ltr'><strong>locis</strong></span> <span class='ocrx_word' id='word_1_27' title='bbox 704 736 739 801; x_wconf 89' lang='lat' dir='ltr'><strong>in</strong></span> <span class='ocrx_word' id='word_1_28' title='bbox 761 735 893 801; x_wconf 82' lang='lat' dir='ltr'>Homeri</span> <span class='ocrx_word' id='word_1_29' title='bbox 915 735 1110 804; x_wconf 89' lang='lat' dir='ltr'><strong>carminibus</strong></span> <span class='ocrx_word' id='word_1_30' title='bbox 1132 742 1255 818; x_wconf 72' lang='lat' dir='ltr'><strong>exemi,</strong></span> <span class='ocrx_word' id='word_1_31' title='bbox 1284 743 1317 803; x_wconf 91' lang='lat' dir='ltr'><strong>et</strong></span> <span class='ocrx_word' id='word_1_32' title='bbox 1337 736 1389 804; x_wconf 88' lang='lat' dir='ltr'><strong>de·</strong></span> 
     </span>
     <span class='ocr_line' id='line_1_5' title="bbox 143 830 1003 916; baseline -0.002 -17"><span class='ocrx_word' id='word_1_33' title='bbox 143 871 148 878; x_wconf 92' lang='lat'><em>·</em></span> <span class='ocrx_word' id='word_1_34' title='bbox 269 835 335 901; x_wconf 88' lang='lat' dir='ltr'><strong>leta</strong></span> <span class='ocrx_word' id='word_1_35' title='bbox 350 837 372 912; x_wconf 88' lang='lat' dir='ltr'><strong><em>j</em></strong></span> <span class='ocrx_word' id='word_1_36' title='bbox 392 833 577 901; x_wconf 75' lang='lat' dir='ltr'><strong>semivocali</strong></span> <span class='ocrx_word' id='word_1_37' title='bbox 600 830 716 915; x_wconf 80' lang='grc' dir='ltr'><strong><em>ἐμέο,</em></strong></span> <span class='ocrx_word' id='word_1_38' title='bbox 739 832 824 916; x_wconf 90' lang='lat' dir='ltr'><strong>quod</strong></span> <span class='ocrx_word' id='word_1_39' title='bbox 845 852 909 898; x_wconf 91' lang='lat' dir='ltr'><strong>uno</strong></span> <span class='ocrx_word' id='word_1_40' title='bbox 931 832 1003 900; x_wconf 94' lang='lat' dir='ltr'><strong>loco</strong></span> 
     </span>
    </p>
   </div>
   <div class='ocr_carea' id='block_1_3' title="bbox 267 972 1391 1499">
    <p class='ocr_par' dir='ltr' id='par_1_3' title="bbox 267 972 1391 1499">
     <span class='ocr_line' id='line_1_6' title="bbox 296 972 1389 1062; baseline -0.002 -20"><span class='ocrx_word' id='word_1_41' title='bbox 296 983 330 1042; x_wconf 87' lang='lat' dir='ltr'><em>K</em></span> <span class='ocrx_word' id='word_1_42' title='bbox 343 981 418 1042; x_wconf 81' lang='lat'>124:</span> <span class='ocrx_word' id='word_1_43' title='bbox 440 983 498 1044; x_wconf 77' lang='grc' dir='ltr'><strong>νῦν</strong></span> <span class='ocrx_word' id='word_1_44' title='bbox 514 974 548 1042; x_wconf 75' lang='grc' dir='ltr'><strong>δ’</strong></span> <span class='ocrx_word' id='word_1_45' title='bbox 559 975 639 1060; x_wconf 82' lang='grc' dir='ltr'><strong><em>ἐμέο</em></strong></span> <span class='ocrx_word' id='word_1_46' title='bbox 655 974 822 1061; x_wconf 74' lang='grc' dir='ltr'><strong><em>,πρότερος</em></strong></span> <span class='ocrx_word' id='word_1_47' title='bbox 832 972 913 1059; x_wconf 77' lang='grc' dir='ltr'><strong><em>μάλ’</em></strong></span> <span class='ocrx_word' id='word_1_48' title='bbox 927 973 1089 1061; x_wconf 77' lang='grc' dir='ltr'><strong><em>ἐπέγρετο</em></strong></span> <span class='ocrx_word' id='word_1_49' title='bbox 1107 981 1164 1043; x_wconf 89' lang='grc' dir='ltr'><strong>καί</strong></span> <span class='ocrx_word' id='word_1_50' title='bbox 1177 1001 1238 1060; x_wconf 95' lang='grc' dir='ltr'><strong>μοι</strong></span> <span class='ocrx_word' id='word_1_51' title='bbox 1252 973 1389 1062; x_wconf 76' lang='grc' dir='ltr'><strong><em>ἐπέστη,</em></strong></span> 
     </span>
     <span class='ocr_line' id='line_1_7' title="bbox 268 1118 1389 1205; baseline -0.003 -18"><span class='ocrx_word' id='word_1_52' title='bbox 268 1128 365 1205; x_wconf 78' lang='lat' dir='ltr'><strong>polita</strong></span> <span class='ocrx_word' id='word_1_53' title='bbox 378 1121 554 1205; x_wconf 88' lang='lat' dir='ltr'><strong>usurpavit.</strong></span> <span class='ocrx_word' id='word_1_54' title='bbox 584 1139 625 1188; x_wconf 84' lang='lat' dir='ltr'><strong>ex</strong></span> <span class='ocrx_word' id='word_1_55' title='bbox 640 1119 720 1204; x_wconf 84' lang='grc' dir='ltr'><strong><em>ἐμέο</em></strong></span> <span class='ocrx_word' id='word_1_56' title='bbox 735 1119 953 1187; x_wconf 87' lang='lat' dir='ltr'><strong>contractione</strong></span> <span class='ocrx_word' id='word_1_57' title='bbox 966 1120 1084 1186; x_wconf 87' lang='lat' dir='ltr'><strong>factum</strong></span> <span class='ocrx_word' id='word_1_58' title='bbox 1100 1128 1149 1190; x_wconf 93' lang='lat' dir='ltr'><strong>est</strong></span> <span class='ocrx_word' id='word_1_59' title='bbox 1171 1118 1282 1204; x_wconf 81' lang='grc' dir='ltr'><strong><em>ἐμοῦ,</em></strong></span> <span class='ocrx_word' id='word_1_60' title='bbox 1303 1127 1389 1204; x_wconf 83' lang='grc' dir='ltr'><strong><em>μεῦ,</em></strong></span> 
     </span>
     <span class='ocr_line' id='line_1_8' title="bbox 268 1217 1391 1302; baseline 0 -18"><span class='ocrx_word' id='word_1_61' title='bbox 268 1238 351 1302; x_wconf 90' lang='lat' dir='ltr'><strong>quae</strong></span> <span class='ocrx_word' id='word_1_62' title='bbox 364 1219 468 1286; x_wconf 84' lang='lat' dir='ltr'><strong>forma</strong></span> <span class='ocrx_word' id='word_1_63' title='bbox 483 1219 580 1285; x_wconf 89' lang='lat' dir='ltr'><strong>etiam</strong></span> <span class='ocrx_word' id='word_1_64' title='bbox 595 1219 712 1285; x_wconf 89' lang='lat' dir='ltr'><strong>Dorica</strong></span> <span class='ocrx_word' id='word_1_65' title='bbox 727 1226 776 1284; x_wconf 91' lang='lat' dir='ltr'><strong>est</strong></span> <span class='ocrx_word' id='word_1_66' title='bbox 790 1225 822 1284; x_wconf 90' lang='lat' dir='ltr'><strong>et</strong></span> <span class='ocrx_word' id='word_1_67' title='bbox 836 1217 924 1302; x_wconf 91' lang='lat' dir='ltr'><strong>apud</strong></span> <span class='ocrx_word' id='word_1_68' title='bbox 938 1217 1111 1284; x_wconf 83' lang='lat' dir='ltr'><strong>Homerum</strong></span> <span class='ocrx_word' id='word_1_69' title='bbox 1130 1220 1230 1286; x_wconf 91' lang='lat' dir='ltr'><strong>multo</strong></span> <span class='ocrx_word' id='word_1_70' title='bbox 1246 1220 1391 1286; x_wconf 82' lang='lat' dir='ltr'><strong>usitatior</strong></span> 
     </span>
     <span class='ocr_line' id='line_1_9' title="bbox 268 1315 1389 1401; baseline -0.001 -18"><span class='ocrx_word' id='word_1_71' title='bbox 268 1337 364 1400; x_wconf 91' lang='lat' dir='ltr'><strong>quam</strong></span> <span class='ocrx_word' id='word_1_72' title='bbox 384 1324 525 1399; x_wconf 89' lang='lat' dir='ltr'><strong>ceterae,</strong></span> <span class='ocrx_word' id='word_1_73' title='bbox 548 1316 698 1400; x_wconf 89' lang='lat' dir='ltr'><strong>quoniam</strong></span> <span class='ocrx_word' id='word_1_74' title='bbox 721 1318 757 1380; x_wconf 87' lang='grc'><strong>91</strong></span> <span class='ocrx_word' id='word_1_75' title='bbox 776 1315 856 1382; x_wconf 89' lang='lat' dir='ltr'><strong>locis</strong></span> <span class='ocrx_word' id='word_1_76' title='bbox 873 1322 988 1382; x_wconf 86' lang='lat' dir='ltr'><strong>exstat.</strong></span> <span class='ocrx_word' id='word_1_77' title='bbox 1010 1345 1053 1364; x_wconf 52' lang='grc' dir='ltr'><strong>ι-</strong></span> <span class='ocrx_word' id='word_1_78' title='bbox 1075 1316 1177 1383; x_wconf 85' lang='lat' dir='ltr'><strong>dativi</strong></span> <span class='ocrx_word' id='word_1_79' title='bbox 1198 1336 1389 1401; x_wconf 87' lang='lat' dir='ltr'><strong>quamquam</strong></span> 
     </span>
     <span class='ocr_line' id='line_1_10' title="bbox 267 1413 1390 1499; baseline -0.001 -19"><span class='ocrx_word' id='word_1_80' title='bbox 267 1413 382 1480; x_wconf 90' lang='lat' dir='ltr'><strong>eadem</strong></span> <span class='ocrx_word' id='word_1_81' title='bbox 396 1416 492 1499; x_wconf 80' lang='lat' dir='ltr'><strong>stirps</strong></span> <span class='ocrx_word' id='word_1_82' title='bbox 515 1420 563 1480; x_wconf 90' lang='lat' dir='ltr'><strong>est</strong></span> <span class='ocrx_word' id='word_1_83' title='bbox 583 1421 680 1497; x_wconf 91' lang='lat' dir='ltr'><strong>atque</strong></span> <span class='ocrx_word' id='word_1_84' title='bbox 701 1421 878 1480; x_wconf 84' lang='lat' dir='ltr'><strong>ceterorum</strong></span> <span class='ocrx_word' id='word_1_85' title='bbox 899 1433 1046 1496; x_wconf 86' lang='lat' dir='ltr'><strong>casuum,</strong></span> <span class='ocrx_word' id='word_1_86' title='bbox 1072 1421 1180 1482; x_wconf 73' lang='lat' dir='ltr'><strong>mmen</strong></span> <span class='ocrx_word' id='word_1_87' title='bbox 1202 1415 1245 1480; x_wconf 88' lang='lat' dir='ltr'><strong>ab</strong></span> <span class='ocrx_word' id='word_1_88' title='bbox 1265 1415 1333 1482; x_wconf 87' lang='lat' dir='ltr'><strong>illis</strong></span> <span class='ocrx_word' id='word_1_89' title='bbox 1353 1432 1390 1492; x_wconf 91' lang='lat' dir='ltr'><strong>eo</strong></span> 
     </span>
    </p>
   </div>
   <div class='ocr_carea' id='block_1_4' title="bbox 230 1510 1500 1692">
    <p class='ocr_par' dir='ltr' id='par_1_4' title="bbox 230 1510 1500 1692">
     <span class='ocr_line' id='line_1_11' title="bbox 268 1510 1394 1596; baseline -0.004 -19"><span class='ocrx_word' id='word_1_90' title='bbox 268 1511 389 1594; x_wconf 85' lang='lat' dir='ltr'><strong>differt,</strong></span> <span class='ocrx_word' id='word_1_91' title='bbox 422 1511 508 1596; x_wconf 89' lang='lat' dir='ltr'><strong>quod</strong></span> <span class='ocrx_word' id='word_1_92' title='bbox 535 1518 628 1578; x_wconf 85' lang='lat' dir='ltr'><strong>retus</strong></span> <span class='ocrx_word' id='word_1_93' title='bbox 656 1510 875 1595; x_wconf 82' lang='lat' dir='ltr'><strong>diphthongus</strong></span> <span class='ocrx_word' id='word_1_94' title='bbox 896 1510 1185 1594; x_wconf 81' lang='lat' dir='ltr'><strong>Indogermanicae</strong></span> <span class='ocrx_word' id='word_1_95' title='bbox 1206 1513 1339 1596; x_wconf 85' lang='lat' dir='ltr'><strong>linguae</strong></span> <span class='ocrx_word' id='word_1_96' title='bbox 1360 1514 1394 1574; x_wconf 80' lang='lat' dir='ltr'><strong>m·</strong></span> 
     </span>
     <span class='ocr_line' id='line_1_12' title="bbox 230 1605 1500 1692; baseline 0.004 -22"><span class='ocrx_word' id='word_1_97' title='bbox 230 1661 233 1670; x_wconf 93' lang='lat'><em>.</em></span> <span class='ocrx_word' id='word_1_98' title='bbox 266 1630 333 1676; x_wconf 89' lang='lat' dir='ltr'><strong>non</strong></span> <span class='ocrx_word' id='word_1_99' title='bbox 354 1609 388 1675; x_wconf 92' lang='lat' dir='ltr'><strong>in</strong></span> <span class='ocrx_word' id='word_1_100' title='bbox 418 1633 465 1690; x_wconf 85' lang='grc' dir='ltr'><strong><em>ει,</em></strong></span> <span class='ocrx_word' id='word_1_101' title='bbox 493 1608 552 1676; x_wconf 90' lang='lat' dir='ltr'><strong>sed</strong></span> <span class='ocrx_word' id='word_1_102' title='bbox 581 1628 621 1674; x_wconf 85' lang='lat' dir='ltr'><strong>ex</strong></span> <span class='ocrx_word' id='word_1_103' title='bbox 648 1608 801 1691; x_wconf 81' lang='lat' dir='ltr'><strong>analogia</strong></span> <span class='ocrx_word' id='word_1_104' title='bbox 828 1608 958 1674; x_wconf 86' lang='lat' dir='ltr'><strong>locativi</strong></span> <span class='ocrx_word' id='word_1_105' title='bbox 980 1610 1120 1692; x_wconf 86' lang='lat' dir='ltr'><strong>stirpum</strong></span> <span class='ocrx_word' id='word_1_106' title='bbox 1145 1610 1179 1674; x_wconf 89' lang='lat' dir='ltr'><strong>in</strong></span> <span class='ocrx_word' id='word_1_107' title='bbox 1201 1631 1221 1676; x_wconf 98' lang='lat' dir='ltr'><strong>o</strong></span> <span class='ocrx_word' id='word_1_108' title='bbox 1244 1609 1391 1677; x_wconf 85' lang='lat' dir='ltr'><strong>desinon·</strong></span> <span class='ocrx_word' id='word_1_109' title='bbox 1499 1605 1500 1644; x_wconf 50' lang='lat' dir='ltr'>f</span> 
     </span>
    </p>
   </div>
   <div class='ocr_carea' id='block_1_5' title="bbox 267 1703 1390 1889">
    <p class='ocr_par' dir='ltr' id='par_1_5' title="bbox 267 1703 1390 1889">
     <span class='ocr_line' id='line_1_13' title="bbox 267 1703 1185 1788; baseline 0.001 -17"><span class='ocrx_word' id='word_1_110' title='bbox 267 1706 344 1772; x_wconf 89' lang='lat' dir='ltr'><strong>tium</strong></span> <span class='ocrx_word' id='word_1_111' title='bbox 365 1713 489 1773; x_wconf 83' lang='lat' dir='ltr'><strong>mutata</strong></span> <span class='ocrx_word' id='word_1_112' title='bbox 510 1713 559 1774; x_wconf 82' lang='lat' dir='ltr'><strong>est</strong></span> <span class='ocrx_word' id='word_1_113' title='bbox 580 1707 613 1771; x_wconf 93' lang='lat' dir='ltr'><strong>in</strong></span> <span class='ocrx_word' id='word_1_114' title='bbox 636 1730 679 1787; x_wconf 88' lang='grc' dir='ltr'><strong><em>οι,</em></strong></span> <span class='ocrx_word' id='word_1_115' title='bbox 701 1712 735 1771; x_wconf 84' lang='lat' dir='ltr'><strong>ut</strong></span> <span class='ocrx_word' id='word_1_116' title='bbox 757 1706 798 1772; x_wconf 81' lang='lat' dir='ltr'><strong>sit</strong></span> <span class='ocrx_word' id='word_1_117' title='bbox 820 1703 948 1771; x_wconf 85' lang='lat' dir='ltr'><strong>dativus</strong></span> <span class='ocrx_word' id='word_1_118' title='bbox 969 1711 1055 1787; x_wconf 88' lang='grc' dir='ltr'><strong><em>μοί,</em></strong></span> <span class='ocrx_word' id='word_1_119' title='bbox 1078 1704 1185 1788; x_wconf 79' lang='grc' dir='ltr'><strong><em>ἐμοί.</em></strong></span> 
     </span>
     <span class='ocr_line' id='line_1_14' title="bbox 352 1802 1390 1889; baseline 0.003 -20"><span class='ocrx_word' id='word_1_120' title='bbox 352 1803 396 1870; x_wconf 94' lang='grc' dir='ltr'><strong>ΙΙ.</strong></span> <span class='ocrx_word' id='word_1_121' title='bbox 440 1803 652 1870; x_wconf 90' lang='lat' dir='ltr'><strong>Secundae</strong></span> <span class='ocrx_word' id='word_1_122' title='bbox 674 1822 878 1889; x_wconf 86' lang='lat' dir='ltr'><strong>personae</strong></span> <span class='ocrx_word' id='word_1_123' title='bbox 899 1805 1056 1870; x_wconf 88' lang='lat' dir='ltr'><strong>numeri</strong></span> <span class='ocrx_word' id='word_1_124' title='bbox 1078 1802 1310 1888; x_wconf 80' lang='lat' dir='ltr'><strong>singularis</strong></span> <span class='ocrx_word' id='word_1_125' title='bbox 1339 1825 1390 1872; x_wconf 85' lang='lat' dir='ltr'><strong>ve</strong></span> 
     </span>
    </p>
   </div>
   <div class='ocr_carea' id='block_1_6' title="bbox 267 1892 1499 1988">
    <p class='ocr_par' dir='ltr' id='par_1_6' title="bbox 267 1892 1499 1988">
     <span class='ocr_line' id='line_1_15' title="bbox 267 1892 1499 1988; baseline 0.002 -20"><span class='ocrx_word' id='word_1_126' title='bbox 267 1901 444 1968; x_wconf 91' lang='lat' dir='ltr'><strong>tustissima</strong></span> <span class='ocrx_word' id='word_1_127' title='bbox 478 1892 668 1968; x_wconf 82' lang='lat' dir='ltr'><strong>nominativi</strong></span> <span class='ocrx_word' id='word_1_128' title='bbox 702 1900 806 1966; x_wconf 89' lang='lat' dir='ltr'><strong>lorma</strong></span> <span class='ocrx_word' id='word_1_129' title='bbox 839 1907 887 1966; x_wconf 90' lang='lat' dir='ltr'><strong>est</strong></span> <span class='ocrx_word' id='word_1_130' title='bbox 919 1898 1034 1988; x_wconf 82' lang='grc' dir='ltr'><strong><em>τύνη,</em></strong></span> <span class='ocrx_word' id='word_1_131' title='bbox 1072 1901 1113 1968; x_wconf 92' lang='lat' dir='ltr'><strong>de</strong></span> <span class='ocrx_word' id='word_1_132' title='bbox 1145 1901 1235 1969; x_wconf 88' lang='lat' dir='ltr'><strong>ouius</strong></span> <span class='ocrx_word' id='word_1_133' title='bbox 1268 1903 1416 1986; x_wconf 71' lang='lat' dir='ltr'><strong>origine</strong></span> <span class='ocrx_word' id='word_1_134' title='bbox 1498 1931 1499 1942; x_wconf 49' lang='lat'>¹</span> 
     </span>
    </p>
   </div>
   <div class='ocr_carea' id='block_1_7' title="bbox 222 1997 1392 4036">
    <p class='ocr_par' dir='ltr' id='par_1_7' title="bbox 222 1997 1392 4036">
     <span class='ocr_line' id='line_1_16' title="bbox 266 1997 1390 2085; baseline 0.004 -21"><span class='ocrx_word' id='word_1_135' title='bbox 266 1998 354 2082; x_wconf 91' lang='lat' dir='ltr'><strong>apud</strong></span> <span class='ocrx_word' id='word_1_136' title='bbox 382 1999 469 2065; x_wconf 81' lang='lat' dir='ltr'><strong>viros</strong></span> <span class='ocrx_word' id='word_1_137' title='bbox 498 1999 608 2065; x_wconf 85' lang='lat' dir='ltr'><strong>doctos</strong></span> <span class='ocrx_word' id='word_1_138' title='bbox 630 2019 695 2065; x_wconf 92' lang='lat' dir='ltr'><strong>non</strong></span> <span class='ocrx_word' id='word_1_139' title='bbox 718 1999 798 2066; x_wconf 90' lang='lat' dir='ltr'><strong>satis</strong></span> <span class='ocrx_word' id='word_1_140' title='bbox 826 2004 960 2064; x_wconf 85' lang='lat' dir='ltr'><strong>constat.</strong></span> <span class='ocrx_word' id='word_1_141' title='bbox 1004 1997 1143 2064; x_wconf 89' lang='lat' dir='ltr'><strong>dubitari</strong></span> <span class='ocrx_word' id='word_1_142' title='bbox 1165 1999 1251 2066; x_wconf 92' lang='lat' dir='ltr'><strong>enim</strong></span> <span class='ocrx_word' id='word_1_143' title='bbox 1274 2007 1390 2085; x_wconf 78' lang='lat' dir='ltr'><strong>potest</strong></span> 
     </span>
     <span class='ocr_line' id='line_1_17' title="bbox 267 2093 1392 2184; baseline 0 -22"><span class='ocrx_word' id='word_1_144' title='bbox 267 2104 373 2162; x_wconf 91' lang='lat' dir='ltr'><strong>utrum</strong></span> <span class='ocrx_word' id='word_1_145' title='bbox 395 2096 489 2163; x_wconf 91' lang='lat' dir='ltr'><strong>buius</strong></span> <span class='ocrx_word' id='word_1_146' title='bbox 510 2097 660 2163; x_wconf 88' lang='lat' dir='ltr'><strong>vocabuli</strong></span> <span class='ocrx_word' id='word_1_147' title='bbox 682 2096 830 2180; x_wconf 88' lang='lat' dir='ltr'><strong>syllabae</strong></span> <span class='ocrx_word' id='word_1_148' title='bbox 851 2095 885 2160; x_wconf 93' lang='lat' dir='ltr'><strong>in</strong></span> <span class='ocrx_word' id='word_1_149' title='bbox 906 2093 1004 2182; x_wconf 84' lang='grc' dir='ltr'><strong><em>τύ-νη</em></strong></span> <span class='ocrx_word' id='word_1_150' title='bbox 1033 2117 1076 2161; x_wconf 90' lang='lat' dir='ltr'><strong>an</strong></span> <span class='ocrx_word' id='word_1_151' title='bbox 1098 2098 1132 2161; x_wconf 91' lang='lat' dir='ltr'><strong>in</strong></span> <span class='ocrx_word' id='word_1_152' title='bbox 1157 2094 1255 2184; x_wconf 71' lang='grc' dir='ltr'><strong><em>τύνη</em></strong></span> <span class='ocrx_word' id='word_1_153' title='bbox 1287 2097 1392 2166; x_wconf 90' lang='lat' dir='ltr'><strong>distri-</strong></span> 
     </span>
     <span class='ocr_line' id='line_1_18' title="bbox 266 2192 1392 2280; baseline 0 -20"><span class='ocrx_word' id='word_1_154' title='bbox 266 2194 416 2260; x_wconf 90' lang='lat' dir='ltr'><strong>buendae</strong></span> <span class='ocrx_word' id='word_1_155' title='bbox 450 2196 524 2260; x_wconf 90' lang='lat' dir='ltr'><strong>sint.</strong></span> <span class='ocrx_word' id='word_1_156' title='bbox 569 2194 711 2280; x_wconf 89' lang='lat' dir='ltr'><strong>Boppius</strong></span> <span class='ocrx_word' id='word_1_157' title='bbox 742 2192 860 2278; x_wconf 77' lang='lat' dir='ltr'><strong>(Vglde</strong></span> <span class='ocrx_word' id='word_1_158' title='bbox 886 2192 1028 2259; x_wconf 83' lang='lat' dir='ltr'><strong>Gramm.</strong></span> <span class='ocrx_word' id='word_1_159' title='bbox 1052 2193 1100 2276; x_wconf 90' lang='grc' dir='ltr'><strong>ΙΙ,</strong></span> <span class='ocrx_word' id='word_1_160' title='bbox 1126 2197 1198 2272; x_wconf 87' lang='grc'>103)</span> <span class='ocrx_word' id='word_1_161' title='bbox 1233 2215 1307 2262; x_wconf 88' lang='lat' dir='ltr'><strong>eam</strong></span> <span class='ocrx_word' id='word_1_162' title='bbox 1339 2215 1392 2262; x_wconf 86' lang='lat' dir='ltr'><strong>cx·</strong></span> 
     </span>
     <span class='ocr_line' id='line_1_19' title="bbox 265 2290 1392 2377; baseline 0.002 -21"><span class='ocrx_word' id='word_1_163' title='bbox 265 2291 473 2376; x_wconf 86' lang='lat' dir='ltr'><strong>plicationem</strong></span> <span class='ocrx_word' id='word_1_164' title='bbox 495 2292 599 2375; x_wconf 78' lang='lat' dir='ltr'><strong>magis</strong></span> <span class='ocrx_word' id='word_1_165' title='bbox 620 2291 757 2376; x_wconf 90' lang='lat' dir='ltr'><strong>probare</strong></span> <span class='ocrx_word' id='word_1_166' title='bbox 776 2290 914 2373; x_wconf 88' lang='lat' dir='ltr'><strong>videtur,</strong></span> <span class='ocrx_word' id='word_1_167' title='bbox 942 2309 1026 2374; x_wconf 89' lang='lat' dir='ltr'><strong>quae</strong></span> <span class='ocrx_word' id='word_1_168' title='bbox 1046 2291 1236 2376; x_wconf 83' lang='lat' dir='ltr'><strong>particulam</strong></span> <span class='ocrx_word' id='word_1_169' title='bbox 1259 2317 1297 2376; x_wconf 81' lang='grc' dir='ltr'><strong>νη</strong></span> <span class='ocrx_word' id='word_1_170' title='bbox 1320 2313 1392 2377; x_wconf 84' lang='lat' dir='ltr'><strong>pro</strong></span> 
     </span>
     <span class='ocr_line' id='line_1_20' title="bbox 266 2387 1391 2477; baseline -0.001 -21"><span class='ocrx_word' id='word_1_171' title='bbox 266 2389 389 2456; x_wconf 88' lang='lat' dir='ltr'><strong>nomini</strong></span> <span class='ocrx_word' id='word_1_172' title='bbox 417 2387 455 2453; x_wconf 88' lang='grc' dir='ltr'><strong>τύ</strong></span> <span class='ocrx_word' id='word_1_173' title='bbox 477 2389 623 2454; x_wconf 83' lang='lat' dir='ltr'><strong>additam</strong></span> <span class='ocrx_word' id='word_1_174' title='bbox 646 2407 718 2455; x_wconf 90' lang='lat' dir='ltr'><strong>esse</strong></span> <span class='ocrx_word' id='word_1_175' title='bbox 738 2388 859 2454; x_wconf 87' lang='lat' dir='ltr'><strong>statuit.</strong></span> <span class='ocrx_word' id='word_1_176' title='bbox 912 2389 1062 2471; x_wconf 88' lang='lat' dir='ltr'><strong>equidem</strong></span> <span class='ocrx_word' id='word_1_177' title='bbox 1090 2389 1269 2473; x_wconf 86' lang='lat' dir='ltr'><strong>putaverim</strong></span> <span class='ocrx_word' id='word_1_178' title='bbox 1292 2388 1391 2477; x_wconf 77' lang='grc' dir='ltr'><strong><em>τόν-η</em></strong></span> 
     </span>
     <span class='ocr_line' id='line_1_21' title="bbox 265 2485 1391 2571; baseline 0 -17"><span class='ocrx_word' id='word_1_179' title='bbox 265 2485 468 2555; x_wconf 88' lang='lat' dir='ltr'><strong>scribendum</strong></span> <span class='ocrx_word' id='word_1_180' title='bbox 491 2505 571 2568; x_wconf 86' lang='lat' dir='ltr'><strong>esse,</strong></span> <span class='ocrx_word' id='word_1_181' title='bbox 594 2492 663 2571; x_wconf 72' lang='lat' dir='ltr'><strong>uto</strong></span> <span class='ocrx_word' id='word_1_182' title='bbox 680 2486 721 2551; x_wconf 93' lang='lat' dir='ltr'><strong>sit</strong></span> <span class='ocrx_word' id='word_1_183' title='bbox 742 2487 900 2569; x_wconf 90' lang='lat' dir='ltr'><strong>particula</strong></span> <span class='ocrx_word' id='word_1_184' title='bbox 921 2485 1121 2569; x_wconf 85' lang='lat' dir='ltr'><strong>affirmativa,</strong></span> <span class='ocrx_word' id='word_1_185' title='bbox 1145 2487 1286 2553; x_wconf 84' lang='lat' dir='ltr'><strong>maxime</strong></span> <span class='ocrx_word' id='word_1_186' title='bbox 1307 2507 1391 2554; x_wconf 93' lang='lat' dir='ltr'><strong>oom-</strong></span> 
     </span>
     <span class='ocr_line' id='line_1_22' title="bbox 264 2581 1392 2668; baseline 0.002 -18"><span class='ocrx_word' id='word_1_187' title='bbox 264 2591 370 2650; x_wconf 91' lang='lat' dir='ltr'><strong>motus</strong></span> <span class='ocrx_word' id='word_1_188' title='bbox 393 2581 478 2668; x_wconf 75' lang='grc' dir='ltr'><strong><em>ἐγών</em></strong></span> <span class='ocrx_word' id='word_1_189' title='bbox 499 2583 603 2649; x_wconf 87' lang='lat' dir='ltr'><strong>forma</strong></span> <span class='ocrx_word' id='word_1_190' title='bbox 629 2590 662 2650; x_wconf 92' lang='lat' dir='ltr'><strong>et</strong></span> <span class='ocrx_word' id='word_1_191' title='bbox 683 2584 836 2650; x_wconf 87' lang='lat' dir='ltr'><strong>Boeotioa</strong></span> <span class='ocrx_word' id='word_1_192' title='bbox 861 2582 951 2663; x_wconf 76' lang='grc' dir='ltr'><strong><em>τούν,</em></strong></span> <span class='ocrx_word' id='word_1_193' title='bbox 978 2585 1013 2651; x_wconf 92' lang='lat' dir='ltr'><strong>iu</strong></span> <span class='ocrx_word' id='word_1_194' title='bbox 1035 2585 1150 2667; x_wconf 88' lang='lat' dir='ltr'><strong>quibus</strong></span> <span class='ocrx_word' id='word_1_195' title='bbox 1172 2609 1189 2650; x_wconf 81' lang='grc' dir='ltr'><strong><em>ν</em></strong></span> <span class='ocrx_word' id='word_1_196' title='bbox 1212 2603 1392 2652; x_wconf 88' lang='lat' dir='ltr'><strong>consonan-</strong></span> 
     </span>
     <span class='ocr_line' id='line_1_23' title="bbox 265 2681 1390 2765; baseline 0 -17"><span class='ocrx_word' id='word_1_197' title='bbox 265 2691 331 2750; x_wconf 88' lang='lat' dir='ltr'><strong>tem</strong></span> <span class='ocrx_word' id='word_1_198' title='bbox 361 2701 402 2748; x_wconf 88' lang='lat' dir='ltr'><strong>cx</strong></span> <span class='ocrx_word' id='word_1_199' title='bbox 428 2681 608 2764; x_wconf 86' lang='lat' dir='ltr'><strong>antiquiore</strong></span> <span class='ocrx_word' id='word_1_200' title='bbox 635 2687 779 2765; x_wconf 85' lang='lat' dir='ltr'><strong>tempore</strong></span> <span class='ocrx_word' id='word_1_201' title='bbox 806 2683 1000 2748; x_wconf 89' lang='lat' dir='ltr'><strong>remansisse</strong></span> <span class='ocrx_word' id='word_1_202' title='bbox 1026 2683 1096 2749; x_wconf 87' lang='lat' dir='ltr'><strong>veri</strong></span> <span class='ocrx_word' id='word_1_203' title='bbox 1122 2683 1227 2750; x_wconf 89' lang='lat' dir='ltr'><strong>simile</strong></span> <span class='ocrx_word' id='word_1_204' title='bbox 1253 2689 1312 2750; x_wconf 89' lang='lat' dir='ltr'><strong>est.</strong></span> <span class='ocrx_word' id='word_1_205' title='bbox 1357 2685 1390 2750; x_wconf 90' lang='lat' dir='ltr'><strong>iu</strong></span> 
     </span>
     <span class='ocr_line' id='line_1_24' title="bbox 265 2778 1391 2862; baseline 0 -14"><span class='ocrx_word' id='word_1_206' title='bbox 265 2780 430 2848; x_wconf 84' lang='lat' dir='ltr'><strong>Sauscrita</strong></span> <span class='ocrx_word' id='word_1_207' title='bbox 451 2778 581 2862; x_wconf 88' lang='lat' dir='ltr'><strong>quidem</strong></span> <span class='ocrx_word' id='word_1_208' title='bbox 610 2779 722 2862; x_wconf 82' lang='lat' dir='ltr'><strong>lingua</strong></span> <span class='ocrx_word' id='word_1_209' title='bbox 745 2779 867 2845; x_wconf 87' lang='lat' dir='ltr'><strong>formae</strong></span> <span class='ocrx_word' id='word_1_210' title='bbox 894 2786 969 2846; x_wconf 91' lang='lat' dir='ltr'><strong>sunt</strong></span> <span class='ocrx_word' id='word_1_211' title='bbox 991 2779 1097 2860; x_wconf 80' lang='lat' dir='ltr'><strong>otum,</strong></span> <span class='ocrx_word' id='word_1_212' title='bbox 1128 2790 1225 2858; x_wconf 81' lang='lat' dir='ltr'><strong>tuom,</strong></span> <span class='ocrx_word' id='word_1_213' title='bbox 1254 2781 1391 2848; x_wconf 89' lang='lat' dir='ltr'><strong>similes·</strong></span> 
     </span>
     <span class='ocr_line' id='line_1_25' title="bbox 265 2873 1391 2963; baseline 0 -19"><span class='ocrx_word' id='word_1_214' title='bbox 265 2898 327 2963; x_wconf 88' lang='lat' dir='ltr'><strong>que</strong></span> <span class='ocrx_word' id='word_1_215' title='bbox 358 2878 392 2942; x_wconf 93' lang='lat' dir='ltr'><strong>in</strong></span> <span class='ocrx_word' id='word_1_216' title='bbox 421 2875 571 2943; x_wconf 88' lang='lat' dir='ltr'><strong>Zendica.</strong></span> <span class='ocrx_word' id='word_1_217' title='bbox 624 2873 703 2962; x_wconf 83' lang='grc' dir='ltr'><strong><em>τύνη</em></strong></span> <span class='ocrx_word' id='word_1_218' title='bbox 737 2875 825 2961; x_wconf 92' lang='lat' dir='ltr'><strong>apud</strong></span> <span class='ocrx_word' id='word_1_219' title='bbox 853 2877 1027 2944; x_wconf 80' lang='lat' dir='ltr'><strong>Homerum</strong></span> <span class='ocrx_word' id='word_1_220' title='bbox 1056 2882 1075 2944; x_wconf 88' lang='grc'><strong>6</strong></span> <span class='ocrx_word' id='word_1_221' title='bbox 1103 2877 1184 2944; x_wconf 89' lang='lat' dir='ltr'><strong>locis</strong></span> <span class='ocrx_word' id='word_1_222' title='bbox 1217 2885 1391 2962; x_wconf 88' lang='lat' dir='ltr'><strong>usurpatur</strong></span> 
     </span>
     <span class='ocr_line' id='line_1_26' title="bbox 265 2977 1390 3059; baseline 0.002 -17"><span class='ocrx_word' id='word_1_223' title='bbox 265 2981 307 3055; x_wconf 80' lang='lat' dir='ltr'><strong>(a</strong></span> <span class='ocrx_word' id='word_1_224' title='bbox 328 2978 400 3042; x_wconf 74' lang='lat' dir='ltr'><strong>rsa.</strong></span> <span class='ocrx_word' id='word_1_225' title='bbox 434 2980 465 3038; x_wconf 80' lang='lat' dir='ltr'><strong>a</strong></span> <span class='ocrx_word' id='word_1_226' title='bbox 485 2977 559 3040; x_wconf 75' lang='lat' dir='ltr'><strong>ren.</strong></span> <span class='ocrx_word' id='word_1_227' title='bbox 590 2979 634 3038; x_wconf 86' lang='lat' dir='ltr'><em>M</em></span> <span class='ocrx_word' id='word_1_228' title='bbox 654 2977 795 3040; x_wconf 77' lang='lat' dir='ltr'><strong>marr</strong></span> <span class='ocrx_word' id='word_1_229' title='bbox 814 2977 864 3042; x_wconf 77' lang='lat' dir='ltr'><strong>or.</strong></span> <span class='ocrx_word' id='word_1_230' title='bbox 897 2981 998 3041; x_wconf 84' lang='lat' dir='ltr'><strong>T10.</strong></span> <span class='ocrx_word' id='word_1_231' title='bbox 1033 2978 1065 3042; x_wconf 78' lang='lat' dir='ltr'><strong>c</strong></span> <span class='ocrx_word' id='word_1_232' title='bbox 1086 2981 1178 3057; x_wconf 78' lang='lat'>465),</span> <span class='ocrx_word' id='word_1_233' title='bbox 1212 2995 1320 3059; x_wconf 76' lang='lat' dir='ltr'><strong>paone</strong></span> <span class='ocrx_word' id='word_1_234' title='bbox 1343 2977 1390 3044; x_wconf 82' lang='lat' dir='ltr'><strong>in-</strong></span> 
     </span>
     <span class='ocr_line' id='line_1_27' title="bbox 263 3069 1388 3157; baseline -0.002 -17"><span class='ocrx_word' id='word_1_235' title='bbox 263 3072 517 3140; x_wconf 77' lang='lat' dir='ltr'><strong>numerabilibus</strong></span> <span class='ocrx_word' id='word_1_236' title='bbox 532 3069 588 3138; x_wconf 86' lang='lat' dir='ltr'><strong>cv&#39;.</strong></span> <span class='ocrx_word' id='word_1_237' title='bbox 610 3107 653 3118; x_wconf 91' lang='lat'>-</span> <span class='ocrx_word' id='word_1_238' title='bbox 674 3073 877 3139; x_wconf 82' lang='lat' dir='ltr'><strong>accusativus</strong></span> <span class='ocrx_word' id='word_1_239' title='bbox 899 3078 944 3139; x_wconf 79' lang='grc' dir='ltr'><strong>σέ</strong></span> <span class='ocrx_word' id='word_1_240' title='bbox 964 3094 1084 3140; x_wconf 86' lang='lat' dir='ltr'><strong>meram</strong></span> <span class='ocrx_word' id='word_1_241' title='bbox 1106 3073 1241 3157; x_wconf 87' lang='lat' dir='ltr'><strong>praebet</strong></span> <span class='ocrx_word' id='word_1_242' title='bbox 1253 3073 1388 3157; x_wconf 89' lang='lat' dir='ltr'><strong>stirpem</strong></span> 
     </span>
     <span class='ocr_line' id='line_1_28' title="bbox 265 3170 1390 3254; baseline -0.001 -15"><span class='ocrx_word' id='word_1_243' title='bbox 265 3195 304 3240; x_wconf 88' lang='grc' dir='ltr'><strong>σε</strong></span> <span class='ocrx_word' id='word_1_244' title='bbox 327 3190 368 3238; x_wconf 85' lang='lat' dir='ltr'><strong>ex</strong></span> <span class='ocrx_word' id='word_1_245' title='bbox 390 3180 441 3234; x_wconf 86' lang='lat' dir='ltr'><strong>too</strong></span> <span class='ocrx_word' id='word_1_246' title='bbox 463 3175 655 3253; x_wconf 87' lang='lat' dir='ltr'><strong>corruptam.</strong></span> <span class='ocrx_word' id='word_1_247' title='bbox 684 3205 726 3218; x_wconf 88' lang='lat'><strong>-·-</strong></span> <span class='ocrx_word' id='word_1_248' title='bbox 755 3170 857 3236; x_wconf 81' lang='lat' dir='ltr'><strong>dativi</strong></span> <span class='ocrx_word' id='word_1_249' title='bbox 882 3177 947 3238; x_wconf 89' lang='lat' dir='ltr'><strong>tres</strong></span> <span class='ocrx_word' id='word_1_250' title='bbox 969 3180 1043 3246; x_wconf 87' lang='lat' dir='ltr'><strong>sunt</strong></span> <span class='ocrx_word' id='word_1_251' title='bbox 1064 3171 1185 3238; x_wconf 79' lang='lat' dir='ltr'><strong>formae</strong></span> <span class='ocrx_word' id='word_1_252' title='bbox 1192 3218 1200 3253; x_wconf 88' lang='lat'>‚</span> <span class='ocrx_word' id='word_1_253' title='bbox 1231 3189 1249 3235; x_wconf 89' lang='lat' dir='ltr'><strong>e</strong></span> <span class='ocrx_word' id='word_1_254' title='bbox 1272 3171 1390 3254; x_wconf 92' lang='lat' dir='ltr'><strong>quibus</strong></span> 
     </span>
     <span class='ocr_line' id='line_1_29' title="bbox 264 3266 1387 3350; baseline 0 -14"><span class='ocrx_word' id='word_1_255' title='bbox 264 3290 378 3350; x_wconf 85' lang='lat' dir='ltr'><strong>unam,</strong></span> <span class='ocrx_word' id='word_1_256' title='bbox 400 3268 505 3347; x_wconf 80' lang='grc' dir='ltr'><strong><em>τεῒν,</em></strong></span> <span class='ocrx_word' id='word_1_257' title='bbox 527 3266 679 3334; x_wconf 72' lang='grc' dir='ltr'><strong>Ποτίτου]</strong></span> <span class='ocrx_word' id='word_1_258' title='bbox 701 3287 808 3334; x_wconf 87' lang='lat' dir='ltr'><strong>essea</strong></span> <span class='ocrx_word' id='word_1_259' title='bbox 828 3269 1044 3350; x_wconf 81' lang='lat' dir='ltr'><strong>grammaticis</strong></span> <span class='ocrx_word' id='word_1_260' title='bbox 1059 3269 1211 3336; x_wconf 89' lang='lat' dir='ltr'><strong>traditum</strong></span> <span class='ocrx_word' id='word_1_261' title='bbox 1234 3274 1292 3334; x_wconf 90' lang='lat' dir='ltr'><strong>est.</strong></span> <span class='ocrx_word' id='word_1_262' title='bbox 1328 3268 1387 3336; x_wconf 90' lang='lat' dir='ltr'><strong>sed</strong></span> 
     </span>
     <span class='ocr_line' id='line_1_30' title="bbox 222 3360 1386 3451; baseline -0.002 -19"><span class='ocrx_word' id='word_1_263' title='bbox 222 3360 226 3370; x_wconf 82' lang='grc'><strong>’</strong></span> <span class='ocrx_word' id='word_1_264' title='bbox 265 3367 340 3451; x_wconf 92' lang='lat' dir='ltr'><strong>quia</strong></span> <span class='ocrx_word' id='word_1_265' title='bbox 362 3365 448 3450; x_wconf 89' lang='lat' dir='ltr'><strong>apud</strong></span> <span class='ocrx_word' id='word_1_266' title='bbox 470 3364 593 3430; x_wconf 90' lang='lat' dir='ltr'><strong>nullum</strong></span> <span class='ocrx_word' id='word_1_267' title='bbox 616 3364 802 3448; x_wconf 89' lang='lat' dir='ltr'><strong>scriptorem</strong></span> <span class='ocrx_word' id='word_1_268' title='bbox 825 3365 955 3432; x_wconf 83' lang='lat' dir='ltr'><strong>dialecti</strong></span> <span class='ocrx_word' id='word_1_269' title='bbox 970 3367 1107 3433; x_wconf 83' lang='lat' dir='ltr'><strong>Doricae</strong></span> <span class='ocrx_word' id='word_1_270' title='bbox 1122 3366 1192 3432; x_wconf 78' lang='grc' dir='ltr'><strong><em>τεῒν</em></strong></span> <span class='ocrx_word' id='word_1_271' title='bbox 1213 3365 1386 3448; x_wconf 87' lang='lat' dir='ltr'><strong>invenitur,</strong></span> 
     </span>
     <span class='ocr_line' id='line_1_31' title="bbox 263 3455 1388 3548; baseline -0.002 -18"><span class='ocrx_word' id='word_1_272' title='bbox 263 3463 441 3534; x_wconf 86' lang='lat' dir='ltr'><strong>Abrensius</strong></span> <span class='ocrx_word' id='word_1_273' title='bbox 463 3459 553 3539; x_wconf 83' lang='lat' dir='ltr'><strong>(dial.</strong></span> <span class='ocrx_word' id='word_1_274' title='bbox 575 3462 617 3545; x_wconf 92' lang='grc' dir='ltr'><strong><em>ΙΙ,</em></strong></span> <span class='ocrx_word' id='word_1_275' title='bbox 641 3465 715 3538; x_wconf 79' lang='lat'><strong>252)</strong></span> <span class='ocrx_word' id='word_1_276' title='bbox 744 3469 836 3546; x_wconf 88' lang='lat' dir='ltr'><strong>putat</strong></span> <span class='ocrx_word' id='word_1_277' title='bbox 858 3465 1085 3548; x_wconf 76' lang='lat' dir='ltr'><strong>grammaticos</strong></span> <span class='ocrx_word' id='word_1_278' title='bbox 1106 3455 1388 3529; x_wconf 75' lang='lat' dir='ltr'><strong>terminationem</strong></span> 
     </span>
     <span class='ocr_line' id='line_1_32' title="bbox 265 3559 1386 3648; baseline 0.003 -21"><span class='ocrx_word' id='word_1_279' title='bbox 265 3562 417 3644; x_wconf 88' lang='lat' dir='ltr'><strong>deceptos</strong></span> <span class='ocrx_word' id='word_1_280' title='bbox 444 3560 529 3626; x_wconf 88' lang='lat' dir='ltr'><strong>hanc</strong></span> <span class='ocrx_word' id='word_1_281' title='bbox 557 3560 692 3625; x_wconf 87' lang='lat' dir='ltr'><strong>formam</strong></span> <span class='ocrx_word' id='word_1_282' title='bbox 714 3559 864 3626; x_wconf 84' lang='lat' dir='ltr'><strong>Doricam</strong></span> <span class='ocrx_word' id='word_1_283' title='bbox 893 3581 966 3628; x_wconf 84' lang='lat' dir='ltr'><strong>esso</strong></span> <span class='ocrx_word' id='word_1_284' title='bbox 984 3562 1155 3630; x_wconf 88' lang='lat' dir='ltr'><strong>iudicasse.</strong></span> <span class='ocrx_word' id='word_1_285' title='bbox 1198 3581 1303 3646; x_wconf 88' lang='lat' dir='ltr'><strong>neque</strong></span> <span class='ocrx_word' id='word_1_286' title='bbox 1325 3583 1386 3648; x_wconf 84' lang='lat' dir='ltr'><strong>ago</strong></span> 
     </span>
     <span class='ocr_line' id='line_1_33' title="bbox 264 3656 1385 3746; baseline 0.002 -22"><span class='ocrx_word' id='word_1_287' title='bbox 264 3663 408 3725; x_wconf 87' lang='lat' dir='ltr'><strong>veterum</strong></span> <span class='ocrx_word' id='word_1_288' title='bbox 421 3656 549 3740; x_wconf 92' lang='lat' dir='ltr'><strong>iudicio,</strong></span> <span class='ocrx_word' id='word_1_289' title='bbox 573 3676 775 3742; x_wconf 87' lang='lat' dir='ltr'><strong>quamquam,</strong></span> <span class='ocrx_word' id='word_1_290' title='bbox 798 3677 869 3742; x_wconf 82' lang='lat' dir='ltr'><strong>oum</strong></span> <span class='ocrx_word' id='word_1_291' title='bbox 883 3658 972 3744; x_wconf 92' lang='lat' dir='ltr'><strong>apud</strong></span> <span class='ocrx_word' id='word_1_292' title='bbox 986 3657 1193 3746; x_wconf 83' lang='lat' dir='ltr'><strong>Apollonium</strong></span> <span class='ocrx_word' id='word_1_293' title='bbox 1214 3680 1305 3744; x_wconf 90' lang='lat' dir='ltr'><strong>pron.</strong></span> <span class='ocrx_word' id='word_1_294' title='bbox 1322 3665 1385 3727; x_wconf 82' lang='lat'><strong>365</strong></span> 
     </span>
     <span class='ocr_line' id='line_1_34' title="bbox 264 3753 1384 3839; baseline 0 -17"><span class='ocrx_word' id='word_1_295' title='bbox 264 3759 351 3834; x_wconf 85' lang='lat'><strong>(105)</strong></span> <span class='ocrx_word' id='word_1_296' title='bbox 373 3759 493 3837; x_wconf 82' lang='lat' dir='ltr'><strong>exstet,</strong></span> <span class='ocrx_word' id='word_1_297' title='bbox 522 3773 583 3838; x_wconf 88' lang='lat' dir='ltr'><strong>per</strong></span> <span class='ocrx_word' id='word_1_298' title='bbox 608 3773 643 3822; x_wconf 90' lang='lat' dir='ltr'><strong>se</strong></span> <span class='ocrx_word' id='word_1_299' title='bbox 668 3753 804 3822; x_wconf 86' lang='lat' dir='ltr'><strong>fortasse</strong></span> <span class='ocrx_word' id='word_1_300' title='bbox 826 3762 913 3822; x_wconf 89' lang='lat' dir='ltr'><strong>recte</strong></span> <span class='ocrx_word' id='word_1_301' title='bbox 934 3775 970 3823; x_wconf 89' lang='lat' dir='ltr'><strong>se</strong></span> <span class='ocrx_word' id='word_1_302' title='bbox 992 3757 1105 3839; x_wconf 89' lang='lat' dir='ltr'><strong>habet,</strong></span> <span class='ocrx_word' id='word_1_303' title='bbox 1134 3763 1258 3824; x_wconf 88' lang='lat' dir='ltr'><strong>tanturn</strong></span> <span class='ocrx_word' id='word_1_304' title='bbox 1287 3759 1384 3824; x_wconf 90' lang='lat' dir='ltr'><strong>tribu-</strong></span> 
     </span>
     <span class='ocr_line' id='line_1_35' title="bbox 264 3850 1385 3933; baseline 0.002 -13"><span class='ocrx_word' id='word_1_305' title='bbox 264 3852 353 3933; x_wconf 82' lang='lat' dir='ltr'><strong>erim,</strong></span> <span class='ocrx_word' id='word_1_306' title='bbox 375 3857 411 3916; x_wconf 90' lang='lat' dir='ltr'><strong>ut</strong></span> <span class='ocrx_word' id='word_1_307' title='bbox 423 3850 613 3919; x_wconf 86' lang='lat' dir='ltr'><strong>Homericae</strong></span> <span class='ocrx_word' id='word_1_308' title='bbox 634 3852 772 3920; x_wconf 91' lang='lat' dir='ltr'><strong>dialecto</strong></span> <span class='ocrx_word' id='word_1_309' title='bbox 792 3853 927 3921; x_wconf 81' lang='lat' dir='ltr'><strong>formam</strong></span> <span class='ocrx_word' id='word_1_310' title='bbox 942 3856 1091 3922; x_wconf 86' lang='lat' dir='ltr'><strong>Doricam</strong></span> <span class='ocrx_word' id='word_1_311' title='bbox 1113 3854 1290 3922; x_wconf 85' lang='lat' dir='ltr'><strong>immixtam</strong></span> <span class='ocrx_word' id='word_1_312' title='bbox 1314 3870 1385 3922; x_wconf 88' lang='lat' dir='ltr'><strong>esse</strong></span> 
     </span>
     <span class='ocr_line' id='line_1_36' title="bbox 263 3951 1383 4036; baseline 0.002 -20"><span class='ocrx_word' id='word_1_313' title='bbox 263 3957 383 4034; x_wconf 88' lang='lat' dir='ltr'><strong>putem.</strong></span> <span class='ocrx_word' id='word_1_314' title='bbox 433 3968 509 4015; x_wconf 89' lang='lat' dir='ltr'><strong>nam</strong></span> <span class='ocrx_word' id='word_1_315' title='bbox 539 3951 635 4016; x_wconf 89' lang='lat' dir='ltr'><strong>etiam</strong></span> <span class='ocrx_word' id='word_1_316' title='bbox 667 3951 754 4036; x_wconf 87' lang='lat' dir='ltr'><strong>apud</strong></span> <span class='ocrx_word' id='word_1_317' title='bbox 784 3951 881 4019; x_wconf 85' lang='lat' dir='ltr'><strong>Iones</strong></span> <span class='ocrx_word' id='word_1_318' title='bbox 912 3952 1020 4027; x_wconf 85' lang='lat' dir='ltr'><strong>mirari</strong></span> <span class='ocrx_word' id='word_1_319' title='bbox 1052 3973 1118 4019; x_wconf 88' lang='lat' dir='ltr'><strong>non</strong></span> <span class='ocrx_word' id='word_1_320' title='bbox 1149 3973 1319 4036; x_wconf 85' lang='lat' dir='ltr'><strong>possumus</strong></span> <span class='ocrx_word' id='word_1_321' title='bbox 1349 3953 1383 4018; x_wconf 90' lang='lat' dir='ltr'><strong>in</strong></span> 
     </span>
    </p>
   </div>
   <div class='ocr_carea' id='block_1_8' title="bbox 0 0 1514 4878">
    <p class='ocr_par' dir='ltr' id='par_1_8' title="bbox 0 0 1514 4878">
     <span class='ocr_line' id='line_1_37' title="bbox 0 0 1514 4878; baseline 0 2"><span class='ocrx_word' id='word_1_322' title='bbox 0 0 1514 4878; x_wconf 95' lang='lat' dir='ltr'><strong> </strong></span> 
     </span>
    </p>
   </div>
  </div>
 </body>
</html>
