3020 4878
362 577 399 644 B.
428 570 525 640 ἀντία
548 558 588 658 ἧς
610 568 741 656 ἀλόχου.
772 629 775 635 .

1091 767 1389 858 μητιςὈιίοσσιύς.

360 871 397 938 Β.
419 869 475 936 καί
497 864 571 934 τότ’
595 863 685 954 ἐπήν.

360 989 387 1035 ο.
424 970 547 1034 restant
575 965 652 1046 loci,
682 963 796 1048 quibus
817 963 957 1034 Kndsius
978 966 1079 1033 verbs
1100 965 1219 1032 dedita
1241 965 1391 1032 innunds

274 1087 340 1136 nen
369 1084 440 1133 esse
471 1068 591 1132 censet.
635 1069 667 1130 et
698 1063 808 1148 primis
838 1063 968 1147 quidem
997 1063 1121 1130 duobus
1153 1082 1195 1130 ne
1225 1063 1390 1132 Bekkerus
1500 1081 1501 1090 ¹

275 1163 403 1248 quidem
426 1161 639 1232 coniecturum
660 1158 752 1228 iecit:

360 1263 410 1326 28.
448 1261 581 1326 Ε338ε
602 1254 788 1344 ἀμβροσίου
810 1257 870 1323 διὰ
892 1255 1079 1338 ndniov‚‘'
1058 1283 1098 1324 ον
1120 1257 1154 1324 ολ
1174 1257 1313 1344 χάριτες
1334 1217 1391 1323 u'e·
1499 1277 1500 1327 Q

359 1459 410 1521 29.
451 1460 480 1520 Y
499 1457 578 1520 282·
602 1451 692 1540 ἔστη,
715 1448 877 1518 cddd’
855 1475 937 1534 αχος
958 1451 992 1518 σί
1012 1351 1390 1539 χύτομιίίίιριίῗῖαίίφθσλ-

1086 1561 1212 1632 μσῑσιο.

359 1653 409 1718 30.
446 1653 476 1714 Β
499 1651 577 1714 665:
598 1653 644 1736 βῆ
666 1645 798 1734 φεύγων
821 1646 881 1715 ἐπὶ
903 1646 1046 1714 πόντον·
1069 1645 1260 1736 ἀπείλησαν
1275 1647 1339 1734 γάρ
1360 1647 1390 1714 σί
1497 1684 1500 1731 ι

1087 1743 1198 1825 ἄλλοι,

272 1849 307 1914 in
350 1865 412 1931 quc
447 1861 543 1911 versu
579 1841 613 1908 σί
656 1842 799 1910 σιτίοισι
846 1843 1045 1927 pronominis
1082 1844 1196 1910 tertine
1238 1861 1391 1927 personae

272 1965 343 2014 esse
376 1949 487 2009 contra
519 1941 704 2009 Bekkerum
736 1948 822 2008 reete
855 1941 1000 2009 defendit
1027 1941 1179 2008 Kndriss.
1224 1941 1390 2008 Bekkerns

273 2045 358 2112 euim
380 2041 489 2110 scribit
510 2039 575 2126 γὰρ
596 2039 640 2119 ολ,
663 2045 698 2105 ut
720 2037 754 2105 σί
774 2039 816 2106 sit
837 2039 998 2106 articulus.

358 2145 409 2208 31.
446 2144 478 2204 Z
497 2141 577 2204 289:
614 2133 694 2204 ’ἐνθ’
725 2135 805 2203 ἔσάν
834 2135 868 2202 ολ
896 2137 1040 2213 πέπλοι,
1069 2131 1285 2218 παμποίκιλα
1315 2134 1391 2220 ἔργα
1499 2129 1500 2160 ³

1083 2233 1260 2317 γυναικῶν.

358 2337 408 2401 32.
446 2337 562 2400 0105:
604 2328 683 2398 ἔνθ’
714 2330 794 2398 ἔσάν
828 2329 862 2396 οἱ
896 2331 1024 2398 πέπλοι
1057 2331 1304 2413 παμποίκιλοι,
1337 2327 1391 2409 οὓς

1087 2424 1312 2516 seducemini.

357 2528 398 2597 de
420 2528 470 2594 his
493 2528 618 2595 duobus
639 2526 785 2594 versibus
806 2526 949 2595 Kndsius
976 2525 1063 2594 idern
1084 2525 1206 2592 iudicet
1233 2533 1331 2609 utque
1352 2526 1391 2592 de

271 2632 303 2694 Β
318 2630 380 2694 665
403 2625 499 2709 idque
520 2631 606 2694 certe
627 2645 685 2692 sue
701 2625 780 2692 iure.
810 2623 982 2692 Bekkerns
996 2630 1103 2692 sutem
1119 2625 1153 2690 in
1174 2624 1226 2691 his
1247 2625 1391 2692 versibus

270 2745 463 2809 quamquam
494 2721 613 2789 traditu
643 2721 744 2790 verba
776 2743 841 2788 non
874 2722 1026 2805 mutavit,
1061 2729 1170 2789 tumen
1202 2721 1392 2806 scripturum

270 2821 508 2890 Aristarchesm
531 2819 613 2887 ἔσάν
635 2819 669 2886 ol
691 2833 756 2886 nen
778 2820 913 2904 recepit,
943 2827 978 2885 ut
998 2819 1184 2888 ostenderet
1205 2838 1241 2885 se
1263 2817 1298 2884 et
1319 2819 1393 2886 arti·

268 2921 377 2988 cuium
400 2937 471 2987 esse
495 2923 615 3003 putere.
661 2919 738 3001 quin
766 2918 862 2985 etium
890 2916 934 2984 cd
956 2922 988 2982 Z
1007 2919 1070 2984 289
1099 2915 1250 2984 adnotat:
1287 2916 1345 2994 ,οἱ
1365 2917 1390 2984 si

269 3037 445 3104 pronomen
468 3023 517 3083 est
538 3016 590 3095 (cf.
613 3021 652 3081 A
674 3018 758 3096 339),
780 3036 838 3100 pro
861 3012 942 3080 ε’σαν
964 3001 1080 3098 iege³
1059 3019 1133 3101 ηο.“

355 3119 406 3182 33.
442 3114 572 3184 2162:
601 3111 774 3180 ἐλθεῖν’
742 3137 793 3191 εις
806 3109 955 3197 tuerit
975 3109 1199 3178 ίντύνσσανὲ
1183 3107 1336 3199 sudem.

354 3212 525 3280 Bekkerus
554 3210 681 3280 Bentlei
707 3211 920 3280 coniecturum
949 3209 1112 3294 probarit,
1146 3207 1327 3291 ίοτιίνασο,
1359 3211 1391 3276 in

268 3329 331 3394 quc
364 3310 394 3377 ei
432 3309 583 3378 assentiri
614 3308 711 3374 nullo
737 3306 833 3414 uredo
867 3327 1014 3393 possum,
1049 3308 1124 3392 quis
1157 3308 1275 3392 verbs,
1310 3328 1391 3393 qnae

268 3395 478 3475 antecedunt.

273 3579 276 3585 -
395 3537 455 3627 ἥδε
479 3540 517 3608 δέ
540 3539 573 3607 σί
595 3542 680 3606 κατὰ
702 3539 815 3624 θυμὸν
838 3537 958 3628 ἀρίστη
984 3545 1125 3628 φαίνετο
1148 3538 1263 3630 βουλή,

189 3747 195 3762 .
267 3692 484 3760 adumaticum
505 3695 679 3778 postulant.
709 3714 775 3764 nou
795 3695 908 3778 ignoro
923 3691 1053 3776 quidem
1067 3713 1120 3761 nne
1134 3699 1245 3762 centra
1260 3693 1300 3761 G.
1314 3693 1390 3762 Her·
1500 3701 1501 3776 j

267 3810 421 3858 mannum
442 3790 616 3876 disputare,
639 3790 694 3876 qui
708 3789 808 3875 Orph.
830 3812 862 3875 p.
878 3793 941 3858 778
964 3790 1042 3858 dicit
1063 3789 1227 3858 ἐπίνοσα
1249 3792 1389 3858 nominc·

267 3888 368 3955 tivum
390 3905 460 3954 cum
483 3888 750 3972 praecedentibus
771 3895 857 3956 reete
879 3887 984 3972 iungi,
1018 3889 1046 3956 si
1067 3905 1196 3970 sensus,
1229 3890 1284 3972 qui
1303 3889 1387 3956 idem

267 3985 309 4053 sit
330 4003 369 4051 cc
396 3984 424 4052 si
451 3984 674 4069 βουλεύσατο,
708 3991 877 4070 spectetur.
921 3994 955 4053 st
982 3986 1058 4054 tulis
1085 3987 1278 4054 constructio
1305 3983 1387 4052 κατὰ
