3020 4878
207 413 240 468 do
258 412 449 481 pronominum
465 412 648 480 personalium
664 411 757 470 formis
775 419 803 470 et
821 429 871 468 usu
888 413 1041 470 Homerico.
1108 411 1182 498 ,137

77 583 138 650 sine
158 585 334 652 Herodiani
362 584 551 650 auotoritate
578 583 696 651 formas
723 586 938 652 orthotonioas
966 587 999 652 in
1022 587 1187 654 eneiitioaa

77 685 213 765 mumvit,
249 686 388 768 probare
416 707 480 752 nou
510 705 649 769 possum.
693 702 767 750 uam
789 705 879 752 usum
902 684 1073 750 formarum
1095 680 1185 768 ἡμῖν,

77 772 187 865 ἡμέας,
210 775 289 862 ὑμῖν
318 803 383 849 non
412 803 542 867 prorsus
563 783 700 849 eundem
723 802 795 848 esse
816 790 911 864 atque
933 789 1109 850 ueteranum
1132 803 1185 848 en-

77 878 241 945 olitiearum
274 881 339 945 iam
372 902 469 965 supra
501 882 640 964 breviter
671 881 925 946 commemoravi.
975 901 1059 946 nune
1090 880 1188 963 igitur

77 977 221 1042 nonnulla
244 977 377 1044 afferam
401 981 558 1063 exempla,
582 978 697 1062 quibus
719 979 779 1045 hoo
800 977 980 1045 confirmem
1003 990 1035 1044 st
1058 977 1185 1046 domon-

77 1081 162 1138 strem
184 1075 234 1140 La
249 1077 349 1144 Roehi
371 1085 568 1144 aorreoturas
590 1076 769 1144 'reiciendas
787 1096 858 1142 esse
879 1075 962 1160 ideo,
986 1076 1070 1159 quod
1095 1075 1186 1142 multi
1225 1145 1228 1152 ,

77 1172 161 1237 etiam
189 1174 278 1256 apud
308 1175 399 1256 illum
433 1169 654 1258 relinquantur
689 1175 766 1256 loni,
804 1174 919 1257 quibus
948 1176 1027 1258 ipsis
1061 1193 1187 1257 quoque

77 1274 226 1337 sententia
248 1291 286 1338 ea
314 1274 370 1354 sit,
400 1279 435 1338 ut
464 1293 505 1338 ex
527 1271 702 1338 Herodiani
724 1274 848 1338 ratione
878 1273 1042 1340 euoiitioas
1068 1273 1186 1338 formas

79 1375 307 1454 exspectemus,
338 1371 476 1437 traditae
503 1377 609 1436 autem
638 1370 672 1434 in
701 1370 791 1434 libris
820 1370 884 1436 sint
906 1371 1028 1437 formae
1050 1370 1186 1436 orthoto·

78 1487 168 1533 noae.

153 1572 185 1631 et
205 1566 342 1648 primum
365 1567 493 1650 quidem
516 1564 613 1654 ἡμῖν
635 1566 682 1632 La
697 1566 836 1634 Roehius
859 1587 922 1633 uon
941 1566 1077 1631 mutavit
1098 1569 1187 1650 β95,

48 1715 53 1722 .
78 1664 123 1726 ubi
144 1665 224 1729 haeo
245 1665 409 1748 leguntur:

154 1821 345 1903 στησαμένη
369 1821 472 1900 μέγαν
497 1815 589 1882 ἱστὸν
613 1813 662 1883 ivi
685 1815 883 1902 μεγάροισιν
906 1811 1044 1902 ὕφαινε,

153 1913 275 1980 λεπτὸν
299 1915 357 1979 καὶ
377 1919 597 2012 φερέμετρον·
622 1911 715 2000 ἄφαρ
740 1912 773 1978 δ’
801 1909 877 2001 ἡμῖν
899 1910 1068 1996 μετέειπε.

79 2086 163 2133 nemo
185 2068 309 2152 putabit
332 2067 392 2133 hoa
414 2069 484 2133 loeo
506 2069 571 2133 vim
594 2065 674 2154 ἡμῖν
702 2068 801 2133 dativi
824 2067 976 2133 maiorem
999 2085 1187 2150 essequam

32 2171 33 2176 ’
79 2184 156 2247 mm,
188 2186 251 2249 qua
273 2161 351 2248 ὑμῖν
380 2166 517 2249 positum
541 2173 590 2232 est
610 2171 632 2248 β
656 2169 714 2248 43,
748 2165 808 2248 ubi¹
830 2165 878 2230 La
899 2165 1038 2232 Roohius
1067 2166 1127 2232 hoo
1153 2167 1188 2232 in

79 2258 147 2344 ὕμιν
169 2265 321 2330 eorrexit:

195 2413 271 2482 οὔτέ
295 2415 361 2482 τιν’
386 2413 541 2504 ἀγγελίην
566 2423 709 2501 στρατοῦ
732 2416 848 2483 έκλοον
873 2414 1077 2499 ἐρχομένοιο,

195 2512 235 2601 ἥν
249 2511 284 2595 χ’
303 2511 380 2596 ὑμῖν
396 2513 490 2602 σάφα
507 2513 604 2594 εἴπω,
621 2512 640 2580 ὅ
655 2541 691 2582 τε
707 2513 875 2601 πρότερός
889 2538 926 2598 γε
943 2519 1129 2601 πυθοίμην.

81 2615 178 2693 ρό97τ
194 2612 273 2690 τοὺς
288 2610 376 2688 Ζεὺς
398 2611 576 2693 ἐξολέσειε,
600 2615 681 2698 πρὶν
705 2609 784 2700 ἡμῖν
807 2620 901 2698 τρῆμα
919 2611 1095 2698 γενέσθαι.

80 2764 134 2830 hoe
159 2768 227 2832 loeo
255 2787 338 2832 unus
367 2766 469 2831 oodox
498 2765 596 2834 habet
618 2761 714 2854 ἥμιν,
744 2773 776 2833 et
804 2768 874 2851 ipae
896 2767 944 2831 La
965 2767 1104 2834 Roehius
1133 2768 1189 2834 ad·

81 2871 174 2929 notat:
196 2865 277 2942 „hon
291 2864 365 2930 ferri
387 2869 529 2948 potest“;
551 2873 659 2931 tamen
680 2864 831 2930 traditum
853 2858 932 2949 ἡμῖν
954 2883 1020 2930 non
1043 2867 1188 2946 mutavit,
1263 2927 1265 2932 ,

82 2961 158 3041 quod
184 2963 242 3027 hoe
269 2963 341 3029 loeo
371 2981 475 3044 neque
503 2962 537 3026 in
566 2962 766 3046 oppositione
795 2979 899 3043 neque
927 2971 999 3046 poet
1027 2963 1191 3046 praeposi·

83 3057 189 3124 tionem
211 3078 314 3142 neque
336 3061 378 3124 ab
399 3060 491 3125 initio
513 3061 666 3126 orationis
688 3060 825 3143 positum
847 3066 905 3126 est.

85 3230 107 3268 π
128 3210 183 3272 312
198 3229 260 3291 sq.:
284 3204 360 3272 ἀλλ’
386 3203 478 3290 οὗτοι
500 3204 579 3273 τόδε
602 3207 723 3294 κέρδος
746 3206 829 3292 ἐγών
853 3205 1020 3272 ἔσσεσθαι
1043 3201 1104 3270 ὀΐω

287 3301 365 3391 ἡμῖν
388 3302 632 3393 ἀμφοτέροισι·
657 3307 694 3372 σὲ
719 3305 755 3372 δὲ
780 3303 976 3392 φράζεσθαι
1000 3300 1122 3390 ἄνωγα.

52 3445 57 3457 ‘
86 3438 157 3506 haee
176 3443 309 3510 conferri
332 3450 467 3527 possunt
488 3462 558 3508 oum

30 3631 36 3656 .
87 3579 263 3662 ²383tqq.:
287 3567 314 3641 ὦ
337 3581 430 3664 γρηῢ,
453 3573 539 3643 οὕτω
562 3553 678 3664 φασίν,
702 3575 779 3644 ὅσοι
803 3577 876 3642 ἰ’ὄον
900 3573 1133 3662 ὀφθαλμοῖσιν

289 3671 395 3762 {ipone
418 3673 644 3762 ἀμφοτέρους,
666 3674 756 3758 μάλα
779 3675 898 3742 εἰκέλω
922 3673 1093 3762 ἀλλήλοιϊν

291 3771 441 3855 ἐ’μμεναι,

92 3903 138 3970 ubi
159 3903 256 3992 ἤμεας
277 3910 380 3976 forma
401 3910 549 3976 enclitioa
571 3909 689 3975 tradita
710 3917 767 3976 est.

164 4005 289 4091 longum
324 4007 451 4074 videtur
487 4008 580 4093 plura
615 4007 695 4073 talia
725 4008 878 4091 exempla
909 4009 1104 4076 verbotenus
1134 4010 1191 4076 ad·
