3020 4878
276 402 310 460 de
326 405 516 474 pronominum
533 405 715 476 personalium
730 406 824 463 formis
841 410 869 463 at
886 421 938 462 usu
954 405 1107 464 Homerico.
1188 401 1247 464 127

127 595 209 661 qnae
241 579 315 662 ipsa
347 577 588 662 signifieatiouia
620 581 653 646 vi
687 581 734 646 ita
766 577 1019 664 distinguuntur,
1056 587 1092 646 ut
1124 581 1248 650 alteras

127 695 255 761 semper
275 677 511 760 orttotonioaa
543 679 666 746 alterae
693 695 818 762 semper
847 676 1015 744 enotitioae
1041 678 1116 746 sint.
1158 685 1192 746 ot
1212 678 1246 746 in

126 775 250 858 primae
264 774 396 860 quidem
417 793 577 860 personae
591 793 723 843 numero
737 774 893 858 singulari
910 769 1106 858 ὀρθοτόνως
1120 793 1247 860 semper

126 881 289 956 ponuntur
309 873 432 940 iormae
452 873 495 940 ab
517 895 534 939 o
556 874 661 940 vooali
682 873 881 958 ineipieutes,
903 869 994 953 ἐμέ,
1017 870 1133 956 ἐμοί,
1155 871 1247 956 ἑμέ-

125 975 219 1050 θεν,
252 969 392 1054 ἐμεῖο,
423 969 541 1053 ἐμέο,
574 969 689 1054 ἐμεῦ,
721 989 846 1056 sempor
878 970 1026 1038 oneiitioe
1055 968 1121 1051 μέ,
1157 975 1245 1052 μοί,

125 1065 207 1151 pot.
252 1070 288 1135 in
316 1069 460 1138 neuntio
490 1089 630 1155 persona
656 1069 835 1137 emolitioum
867 1075 934 1135 rot
966 1068 1172 1153 distinguitur
1202 1069 1245 1137 ab

125 1167 326 1236 orthotonioo
355 1172 433 1234 ont.
476 1168 511 1234 in
538 1167 635 1234 tortia
661 1187 800 1252 persona
827 1165 967 1254 σφέων
995 1185 1122 1252 sempor
1149 1167 1246 1234 oneli-

124 1265 193 1348 tiae,
218 1270 382 1354 σφείων
404 1273 436 1334 et
458 1269 573 1352 σφῶν
595 1283 722 1349 semper
749 1259 945 1349 ὀρθοτόνως
965 1272 1168 1350 usurpantur.

207 1384 241 1448 g.
279 1369 381 1432 restat
401 1365 466 1432 iam
488 1362 658 1447 septimum
679 1381 780 1447 genus
807 1383 916 1432 samm
944 1363 1132 1447 formarum,
1161 1383 1246 1448 quae

123 1461 219 1528 modo
249 1461 399 1529 enolitioo
425 1461 523 1528 modo
553 1456 749 1544 ὀρθοτόνως
772 1468 942 1546 ponuntur.
985 1470 1061 1529 sunt
1080 1469 1188 1530 autem
1209 1462 1244 1528 in

123 1579 257 1627 numero
273 1559 428 1642 singulari
443 1558 605 1626 seouudae
621 1577 779 1642 personne
794 1558 856 1640 σέ,
879 1557 966 1639 σέο,
990 1566 1079 1639 σεῦ,
1103 1557 1243 1639 σέθεν,

121 1657 238 1724 tertiae
260 1675 419 1742 personae
434 1654 467 1737 i,
490 1655 550 1734 ἕο,
572 1648 631 1735 εὖ,
655 1654 770 1737 ἕθεν,
791 1659 826 1724 in
841 1677 973 1726 numero
987 1657 1106 1742 plurali
1120 1659 1244 1742 primae
1368 1707 1377 1724 .

122 1773 283 1839 personae
304 1750 450 1842 ἡμέας,
482 1751 593 1842 ἡμῖν,
624 1753 783 1823 secundae
810 1775 968 1839 personne
988 1751 1100 1839 ὑμῖν,
1127 1754 1244 1823 terum

123 1851 279 1939 σφέας,
304 1857 489 1940 utpium).

206 1951 282 2035 ipsa
302 1950 469 2017 inclinatio
492 1958 643 2019 aoeeutus
665 1951 788 2018 duobus
808 1949 912 2018 modis
934 1950 1000 2019 fieri
1024 1958 1146 2036 potest,
1171 1971 1243 2018 eum

121 2048 245 2116 formae
266 2049 409 2132 plurales
437 2047 559 2134 primae
581 2057 613 2115 et
634 2047 794 2116 secundae
820 2067 979 2133 personae
1006 2057 1171 2116 noeentum
1200 2051 1242 2118 ab
1358 2077 1367 2088 ·

122 2145 236 2212 ultima
250 2154 305 2212 aut
327 2147 525 2230 paenultima
539 2147 668 2231 syllaba
680 2153 866 2214 removeant
880 2154 912 2213 et
928 2147 962 2212 in
984 2147 1087 2231 prima
1108 2156 1242 2232 ponant,

121 2253 155 2309 ut
168 2245 236 2310 sint
258 2240 366 2329 ἥμεας
380 2235 504 2331 (ἧμας),
527 2241 606 2330 ἥμιν
622 2235 736 2332 (ἧμιν),
757 2241 836 2326 ὕμιν
853 2237 965 2327 (ὗμιν),
988 2252 1114 2312 amarae
1133 2252 1242 2313 autem

120 2341 244 2408 formae
259 2350 424 2408 noeentum
447 2361 578 2425 prorsus
599 2340 754 2426 abioiant3
777 2343 829 2425 qui
844 2350 910 2409 tum
925 2341 960 2408 iu
974 2342 1242 2412 antoeotentibus

120 2441 289 2508 voeabulis
302 2441 479 2507 seeundum
501 2439 684 2508 notissimas
704 2441 792 2523 leges
813 2441 1039 2523 gmmmatioas
1060 2440 1198 2525 ponitur.

207 2543 238 2605 2.
284 2539 363 2604 Iam
385 2538 420 2605 si
442 2556 695 2620 quaeramus,
718 2538 863 2621 quibus
885 2539 1047 2624 tegibus
1069 2540 1241 2607 enotisia

121 2645 158 2703 ot
194 2635 478 2704 orthotonesis
512 2635 547 2700 in
582 2635 822 2719 pronominibus
853 2637 1078 2720 personalibus
1109 2637 1241 2704 niroum·
1339 2698 1344 2710 ,

121 2735 260 2818 seriptae
281 2733 355 2813 sint,
381 2732 504 2814 omnia,
527 2752 610 2816 quae
632 2731 675 2799 ad
696 2733 779 2801 hane
799 2753 867 2802 rem
888 2735 1058 2817 pertinent,
1081 2735 1165 2801 bene
1187 2754 1241 2803 ex·

119 2833 226 2917 posita
246 2830 449 2898 inveniemus
476 2829 563 2914 apud
585 2829 751 2897 Lohnsium
772 2832 806 2896 in
828 2831 1049 2914 quaestionum
1078 2832 1240 2917 epioarum

120 2951 174 3014 pp.
193 2933 254 2996 107
265 2948 345 3012 sqq,
369 2929 555 3012 quibuscum
576 2928 769 2995 eonferenda
782 2933 856 2995 sunt
871 2947 919 3010 ea,
941 2947 1024 3012 quae
1038 2929 1086 2994 La
1101 2930 1241 2999 Roohius

120 3027 159 3096 H.
182 3029 221 3093 Τ.
244 3047 277 3112 p.
301 3030 362 3092 274
377 3045 445 3110 sqq.
468 3033 501 3092 et
523 3031 583 3092 411
600 3045 669 3110 sqq.
692 3025 848 3092 disseruit
892 3026 934 3093 ab
962 3027 1014 3093 his
1040 3026 1137 3110 igitur
1162 3027 1240 3094 viris

121 3125 224 3193 doctis
245 3124 396 3208 quoniam
417 3129 561 3192 veterum
582 3123 859 3208 grammatioorum
874 3125 1054 3191 sententiae
1067 3124 1241 3208 diligenter

120 3225 276 3292 oulleotae
298 3230 331 3288 et
352 3222 554 3290 examinatae
576 3228 666 3306 sunt,
696 3239 755 3306 ego
782 3219 863 3288 nihii
885 3241 980 3305 agam
1003 3222 1065 3290 nisi
1086 3229 1122 3288 ut
1142 3224 1239 3292 totius

120 3321 165 3386 rei
187 3339 343 3388 summam
367 3339 463 3404 quam
490 3319 679 3388 brevissime
706 3319 864 3403 explioem
886 3326 918 3388 et
945 3321 1056 3406 paneis
1082 3321 1240 3407 exemplis

118 3417 284 3486 illustrem.
551 3424 553 3428 ’

205 3515 290 3582 duae
311 3522 385 3581 sunt
405 3515 563 3597 rationes,
586 3514 724 3600 quaein
745 3514 858 3582 enelisi
880 3522 913 3582 et
933 3515 1131 3582 orthotoneai
1152 3516 1239 3586 valo

120 3620 182 3696 ant,
206 3613 309 3678 altera
329 3612 364 3679 in
386 3612 596 3679 ooilooatione
617 3612 795 3695 verborum,
817 3612 919 3679 altera
939 3612 974 3677 in
996 3605 1238 3695 significationis

120 3710 150 3775 ri
172 3709 289 3794 posita.
318 3729 401 3794 quae
416 3729 607 3794 quamquam
629 3709 749 3776 abnuo
772 3710 949 3792 eodemque
970 3709 1127 3794 principio
1142 3719 1238 3780 ortae

120 3814 206 3890 sunt,
239 3814 349 3874 tamen
378 3827 449 3874 oum
476 3815 508 3875 et
535 3808 738 3874 aveteribus
765 3807 980 3892 grammatiois
1002 3816 1034 3874 et
1061 3807 1237 3875 aLehrsio

119 3912 264 3972 aeourate
287 3903 456 3972 distinotae
470 3904 545 3987 siut,
568 3923 628 3988 ego
643 3924 769 3988 quoque
789 3904 872 3972 hano
893 3905 1096 3989 partitionem
1110 3925 1236 3989 sequar.

201 4021 230 4068 a
278 4001 415 4086 primum
449 4001 544 4087 igitur
571 4002 613 4070 de
640 4000 850 4070 oolloeatione
878 4003 1047 4070 verborum
1075 4002 1236 4088 agendum
