3020 4878
188 411 223 466 de
240 409 427 480 pronominum
444 409 629 480 personalium
644 409 738 466 termis
755 415 784 467 et
800 427 852 468 usn
869 410 1020 466 Homerico.
1103 405 1165 470 113

90 581 185 650 662:
209 578 359 666 ἀνδρῶν·
382 577 421 648 οὐ
443 580 507 667 γὰρ
532 587 687 669 employa
710 589 807 668 γένος
825 579 980 650 ἀπόλωλε
1003 580 1144 670 τοκήων,

53 717 100 784 ubi
126 723 159 785 et
186 716 316 785 dativus
343 725 375 785 et
402 716 572 805 genetivus
601 739 672 788 esse
699 726 815 806 potest.
865 718 1013 786 nonnulli
1041 718 1167 786 oodiees

53 835 104 883 nee
124 825 234 883 tamen
256 817 368 903 optimi
389 813 511 882 habent
534 825 666 905 σφῶν,
690 815 776 902 quod
798 835 894 883 sensu
916 836 1048 901 prorsus
1068 823 1166 883 earet.

53 914 247 982 Aristerehus
262 915 390 999 quidem
406 921 438 984 et
453 916 658 983 Herodianus
679 917 725 988 eie
747 916 940 998 seribebant,
963 913 1021 981 sed
1043 913 1165 981 nullam

51 1013 140 1077 aliern
161 1013 203 1078 ob
225 1031 366 1097 eausam,
389 1013 450 1080 nisi
467 1021 502 1080 ut
521 1013 582 1079 hoe
596 1033 723 1098 quoque
737 1018 957 1097 argumentum
979 1019 1064 1080 esset
1077 1012 1167 1079 atlre·

52 1115 156 1176 teseos.
196 1111 321 1196 spurios
343 1113 428 1178 enim
451 1132 503 1177 vv.
526 1115 653 1177 62-64
674 1111 822 1196 plerique
844 1117 988 1177 veterum
1009 1109 1168 1194 putabant

52 1205 139 1290 idque
171 1229 230 1276 suo
263 1208 348 1292 iure,
382 1209 532 1293 qnoniam
566 1228 607 1276 ne
641 1209 801 1276 sententia
835 1207 964 1292 quidem
996 1213 1074 1290 apte
1106 1211 1166 1274 est.

51 1305 252 1391 interpolator
279 1307 377 1390 igitur
409 1307 595 1390 posterioris
623 1307 738 1373 aetatis
771 1312 869 1394 oppio
903 1307 1037 1374 formam
1064 1306 1166 1373 textui

51 1404 183 1470 inseruit.
523 1413 533 1430 ‘

127 1503 242 1569 tertiae
274 1521 432 1587 personae
460 1501 661 1570 aecusativus
693 1508 742 1568 est
772 1507 903 1589 σφωέ,
939 1502 1092 1570 formatus
1125 1522 1167 1569 ex

52 1601 193 1684 analogia
222 1599 361 1683 quadam
383 1599 531 1666 flexionis
559 1599 741 1684 nominum3
770 1601 867 1666 aliam
897 1601 982 1668 enim
1011 1600 1165 1684 originem

53 1698 276 1764 terminationis
299 1722 315 1766 e
337 1715 451 1764 vereor
478 1687 702 1784 utnusquam
730 1697 884 1765 inveniet.
928 1703 1024 1784 σφωέ
1047 1704 1066 1763 5
1087 1698 1167 1766 loeis

54 1795 234 1878 legitur'(A
256 1800 286 1864 8.
308 1801 342 1860 Κ
363 1799 434 1861 545.
458 1800 498 1860 A
521 1800 593 1862 751.
616 1799 646 1859 Ρ
666 1799 738 1860 531.
760 1801 789 1860 e
812 1799 897 1872 317).
940 1794 975 1862 in
997 1816 1091 1864 versu

89 1917 123 1996 P¹
134 1937 213 1999 5315
237 1929 269 1998 εἰ
289 1928 337 2017 μή
360 1926 453 2017 σφω’
479 1929 609 1998 Αἴαντε
633 1901 804 2016 διέκρτναν
825 1931 992 2014 μεμαῶτε,

54 2085 104 2149 per
124 2068 289 2135 elisionem
313 2063 405 2154 σφω’
430 2064 551 2131 dietum
573 2066 755 2149 ettiloni
778 2072 856 2152 σφιῦ
878 2087 943 2133 555
965 2066 1006 2132 sit
1027 2065 1167 2132 seriben-

55 2163 135 2248 dum,
164 2164 250 2250 quod
279 2165 425 2250 Heynius
453 2163 530 2229 olim
559 2163 673 2231 voluit.
705 2201 748 2212 -
777 2163 904 2231 dativus
932 2170 980 2231 est
1010 2163 1166 2248 σφωΐν,

53 2262 100 2342 qui
122 2265 140 2328 8
160 2264 240 2330 loeis
268 2267 320 2342 (A
342 2264 414 2330 338.
446 2264 477 2326 Θ
497 2263 572 2327 402.
602 2268 642 2328 A
663 2265 736 2329 628.
768 2263 892 2328 0155.
922 2258 1167 2330 ι51285618.
1300 2297 1302 2307 ·

53 2357 69 2420 l
89 2364 155 2426 319.
177 2387 196 2426 υ
218 2363 295 2438 327)
319 2369 434 2430 exstat.
460 2397 501 2410 -
528 2359 760 2428 nominativum
783 2367 815 2428 et
835 2359 1019 2446 genetivum
1041 2358 1083 2424 55
1106 2357 1167 2452 hae

54 2457 144 2541 stirpe
164 2458 327 2526 derivatos
349 2460 507 2527 Homerus
530 2479 596 2526 non
617 2459 725 2525 habet.

503 2641 708 2656 m

131 2811 179 2878 Ita
192 2811 345 2896 quoniam
367 2811 591 2896 pronominum
612 2808 830 2894 personalium
847 2807 965 2874 termas
980 2803 1168 2894 Homericae

56 2924 107 2988 per
128 2907 269 2978 diversas
283 2911 400 2994 stirpes
421 2909 557 2975 traetavi
579 2914 611 2972 et
632 2905 742 2990 paneis
764 2905 934 2987 illustravi,
957 2922 1075 2988 operae
1097 2920 1168 2985 pre-

56 3004 127 3069 tium
147 3026 216 3076 esse
236 3007 349 3092 putavi
370 3006 514 3072 tabulam
536 3003 673 3085 addere,
704 3023 767 3086 qua
787 3002 865 3068 illae
886 3001 1026 3068 breviter
1045 2997 1168 3065 iudiea-

57 3110 164 3170 rentur.
194 3105 331 3188 singulis
352 3103 471 3185 formis,
494 3101 639 3184 exeeptis
654 3101 711 3183 eis,
734 3119 868 3184 quarum
890 3096 1167 3182 frequentissimus

57 3207 101 3263 est
119 3221 199 3286 usus,
220 3221 371 3270 numeros
385 3200 522 3286 apposui
544 3200 695 3280 tonorum,
717 3196 833 3281 quibus
853 3196 933 3262 illae
951 3193 1170 3261 inveniuntur.
