3020 4878
209 401 243 456 de
262 401 452 470 pronominum
467 401 652 472 personalium
665 401 760 458 iormis
779 407 806 458 et
824 417 875 458 usn
893 401 1046 460 Homerico.
1127 397 1187 462 tta

319 808 325 818 .
523 707 648 786 Onnum
675 708 727 784 II.

345 897 403 962 DE
425 890 628 962 DIGAMMO
651 893 816 963 STIRPIS
839 917 909 962 use.

148 1065 357 1136 Notissimum
386 1073 434 1134 eat
459 1065 579 1133 formas
607 1057 656 1144 oi,
687 1061 731 1145 oi,
760 1063 779 1132 ἕ
807 1071 895 1134 ortos
922 1085 995 1134 osse
1023 1086 1064 1134 ex
1093 1089 1187 1150 oxon,

77 1185 151 1243 onos,
181 1185 251 1243 oss,
280 1163 379 1247 idque
404 1162 469 1230 iam
498 1183 597 1246 supra
624 1163 881 1230 sommemoravi.
928 1181 1034 1247 neque
1064 1166 1125 1232 hoo
1151 1166 1187 1232 in

76 1263 136 1328 sola
148 1262 386 1346 eomparatione
407 1261 590 1345 linguarum
605 1267 823 1344 onguatmm,
844 1260 1008 1344 inquibus
1021 1284 1056 1325 ao
1072 1263 1187 1332 literae

75 1367 208 1426 seruans
235 1366 327 1440 suut,
356 1358 496 1443 positum
525 1365 589 1441 ost,
618 1357 677 1426 sod
705 1358 806 1442 ipsius
832 1357 963 1426 Homeri
989 1379 1067 1428 ustas
1094 1377 1186 1444 argu·

75 1463 170 1524 monto
191 1462 241 1524 eet
267 1457 389 1524 inillis
416 1456 527 1524 formis
548 1455 725 1539 antiquitus
748 1455 943 1540 digammon
970 1455 1084 1541 inisse,
1113 1477 1186 1526 oum

75 1573 125 1622 aaa
149 1555 310 1640 plerisque
337 1555 416 1622 louis
444 1554 492 1620 ita
518 1559 695 1638 ponantur,
730 1557 766 1620 ut
793 1554 924 1639 spiritus
951 1573 1047 1638 asper
1074 1573 1190 1622 oonso.

74 1653 169 1720 nantis
188 1652 255 1717 vim
278 1653 400 1720 habore
420 1651 585 1734 videaturs
617 1649 704 1734 quod
727 1653 885 1736 exemplis
913 1651 1093 1720 oonirmari
1119 1670 1186 1720 nou

74 1757 116 1815 ost
141 1767 283 1817 neeesse
325 1747 511 1816 aoomatius-
524 1756 631 1815 autom
654 1747 872 1830 quaerendum
894 1755 958 1833 est,
987 1769 1063 1816 num
1085 1751 1186 1818 omni·

73 1846 124 1913 bus
154 1847 248 1931 loeis,
284 1846 399 1930 quibus
426 1837 480 1926 εὖ,
510 1843 560 1925 oi,
590 1843 608 1910 ἕ
635 1853 668 1912 ot
694 1863 872 1929 pronomen
900 1847 1117 1932 possessivum
1147 1843 1186 1926 ὅς

73 1949 246 2029 usurpatur,
279 1943 433 2028 dignmmi
453 1943 536 2010 ratio
558 1942 749 2024 habitauit,
779 1951 826 2026 et,
855 1945 883 2012 si
905 1965 970 2010 nou
993 1952 1043 2012 est
1063 1943 1185 2028 habita,

73 2049 165 2106 utrum
186 2041 248 2108 hoe
270 2041 345 2108 ferri
366 2041 469 2125 possit
489 2060 533 2106 au
555 2039 752 2108 oonsonons
774 2061 854 2126 opus
876 2061 948 2110 esse
969 2040 1125 2108 videatur.

146 2157 273 2206 omnem
302 2139 388 2206 hano
416 2138 458 2206 de
479 2136 642 2220 digammo
669 2137 779 2222 stirpis
809 2161 869 2205 oss
892 2137 1111 2223 quaestionem
1133 2157 1186 2206 oo·

72 2242 168 2303 aurato
194 2237 348 2303 nonsatis
374 2235 475 2304 Olaus
505 2235 662 2302 Vilelmus
689 2235 781 2304 Kuos
808 2238 843 2304 in
871 2237 1114 2320 „quaestionum
1142 2237 1185 2304 de

72 2331 222 2416 digammo
245 2333 438 2401 Homerieo“
459 2333 561 2416 partis
582 2333 768 2416 posmnons
784 2335 942 2420 (Upsalae
959 2337 1040 2400 1873
1063 2334 1184 2412 editoe)

71 2431 166 2514 sapito
180 2431 237 2517 IV.
256 2431 316 2500 sed
330 2431 389 2500 ille
401 2431 484 2502 nihil
499 2429 590 2496 aliud
605 2431 744 2514 nutavit,
766 2432 830 2500 uisi
845 2437 880 2499 ut
900 2431 1084 2516 inquinaret,
1107 2439 1185 2516 quot

70 2528 139 2595 loeis
152 2528 307 2614 digammi
322 2530 403 2596 natio
418 2529 530 2598 habito
545 2538 638 2613 osset,
661 2537 742 2614 quot
752 2549 829 2614 non,
850 2531 930 2614 quot
949 2527 1011 2596 looi
1033 2529 1122 2596 dubii
1136 2547 1185 2598 es·

70 2634 141 2708 seut,
163 2635 196 2692 at
215 2632 252 2692 ut
273 2627 414 2693 virorum
436 2627 599 2697 doctorum
621 2628 799 2696 sententias
819 2625 862 2694 sle
883 2627 1045 2710 stolonis,
1068 2627 1183 2711 quibus

71 2721 222 2806 digamma
236 2724 419 2807 uogleetum
434 2732 492 2808 est,
515 2726 691 2810 oolligorot.
725 2725 796 2808 ipse
810 2724 952 2792 Knosiuo
965 2731 1089 2792 sertum
1103 2725 1184 2795 insli-
1234 2769 1237 2776 .
1296 2759 1299 2765 ·

70 2821 140 2886 oium
168 2842 234 2888 non
267 2821 409 2906 protulit.
453 2843 529 2890 nam
557 2842 750 2907 quamquam
778 2823 813 2888 in
841 2821 1063 2906 quaestionum
1091 2830 1184 2912 parto

70 2919 165 3000 priore
186 2926 230 3002 lp.
254 2921 349 3001 9sq.)
362 2926 457 2990 ‚reote
478 2920 638 2988 intellexit
665 2920 830 3003 „linguam
852 2918 1070 3001 Homericam,
1099 2937 1184 3001 quae

70 3023 242 3098 sonaretur,
276 3035 342 3082 uon
375 3015 475 3084 fuisso
507 3017 680 3086 dialectum
712 3017 807 3082 unius
835 3015 952 3084 aetatis
980 3015 1184 3098 regionisque

69 3113 313 3197 pronianum
335 3114 554 3184 confusionem
577 3112 739 3200 quandam
761 3132 832 3182 esso
855 3112 1073 3196 dialootorum‚
1099 3132 1184 3195 quae

69 3211 155 3277 uariis
187 3210 349 3278 aelafibus
381 3230 420 3278 ao
451 3212 588 3282 tortasse
618 3211 803 3296 regionibus
836 3209 1044 3292 deberentur,
1077 3229 1184 3294 nsque

69 3306 282 3391 antiquissima
304 3328 449 3391 quaeque
470 3310 612 3377 earmina
633 3309 726 3394 opino
748 3307 891 3376 stabilita
914 3307 1107 3375 obicientem
1128 3326 1183 3375 ne-

69 3423 123 3484 quo
142 3406 337 3476 recentiores
358 3425 472 3472 vonum
497 3405 615 3490 figuras
637 3411 873 3489 respuentem,“
899 3406 947 3471 ita
967 3412 1003 3471 ut
1022 3402 1130 3486 sdan}
1150 3411 1183 3472 et

70 3495 156 3584 ἄναξ,
187 3507 295 3580 κόπος
327 3511 359 3570 ot
381 3502 465 3581 ἔπος
493 3503 622 3587 aliaque
636 3503 801 3581 ,eiusmodi
822 3504 910 3587 apud
931 3502 1104 3570 Homerum
1125 3501 1183 3569 ad-

69 3599 215 3668 mittenda
236 3600 317 3685 siut,
346 3607 470 3684 tamon,
499 3607 535 3666 ut
562 3603 656 3668 unius
683 3601 805 3667 formae
830 3601 965 3668 afferam
987 3599 1181 3683 exemplum,

70 3694 97 3759 in
116 3706 206 3781 parte
219 3697 253 3764 11
275 3703 319 3782 (p.
335 3702 397 3763 atu
412 3701 472 3782 sq.)
495 3717 551 3765 eos
572 3699 670 3780 looos,
693 3699 808 3782 quibus
828 3695 864 3764 oi
884 3698 1012 3765 dativus
1033 3698 1191 3781 neglecto·

71 3789 220 3875 ligammo
248 3795 371 3880 positus
399 3801 464 3880 est,
494 3795 654 3879 oomigore
681 3795 797 3862 studet.
841 3796 875 3862 in
897 3816 960 3880 qua
984 3814 1019 3862 ro
1044 3794 1090 3862 ito
1111 3813 1182 3862 vor·

71 3897 153 3975 satan,
186 3895 222 3960 u't
254 3893 421 3979 nonnullis
453 3894 533 3960 loeis
565 3895 664 3960 variis
696 3892 840 3960 oodioum
869 3891 1033 3977 seripturis
1063 3897 1180 3977 utatur,

73 3989 172 4057 soteris
192 3991 270 4074 ¹„aul
299 3991 499 4060 ooniooturas
525 3990 772 4076 eontugisndum
801 3995 906 4096 esso“x
924 3995 1024 4144 pgutm'
1068 3997 1119 4074 at,
1152 3990 1181 4057 si
