3020 4878
311 386 371 446 150
521 382 524 388 ’
821 389 909 445 Gener

393 583 423 628 e.
464 569 496 628 et
531 561 666 645 primum
704 559 832 644 quidem
869 559 1054 626 reflexivsm
1088 561 1183 626 huius
1220 561 1325 646 stirpis
1356 564 1409 626 um

309 660 462 736 omnibus„
478 659 623 743 personis
644 666 753 744 eptem
775 659 872 724 luisse
895 658 1058 724 nonnullis
1080 659 1238 742 exemplis
1253 659 1411 724 Homericis

193 813 196 817 .
308 757 486 824 eonfirmari
514 765 629 841 potest.
680 777 871 840 quemquam
894 757 980 824 enim
1002 762 1128 823 veteres
1149 758 1359 840 grammato,
1383 758 1410 820 in

308 856 419 940 primis
433 857 645 938 Aristerohus‚
668 877 739 922 eum
761 856 854 922 huius
869 876 945 923 usus
960 875 1090 922 oausam
1112 875 1177 920 non
1191 856 1410 938 intellegerent,
1492 889 1493 918 ;

308 953 452 1037 plurimis
479 955 558 1020 loeis
586 954 706 1020 tradite
726 955 826 1020 verbe
853 959 1032 1034 mutarunt,
1059 961 1168 1018 temen
1190 952 1272 1018 duos
1293 954 1412 1035 relique
1492 985 1493 990 ι

308 1059 398 1132 runt,
432 1052 546 1134 qutibus
576 1049 614 1130 ὅς
643 1071 819 1136 pronomen
848 1051 1063 1136 possessivum
1092 1071 1149 1134 pro
1179 1049 1263 1133 ἐμός
1289 1051 1412 1134 positum

307 1169 378 1216 esse
400 1150 557 1232 videatur,

308 1312 321 1351 ι
343 1289 384 1351 27
400 1305 465 1368 sq.:
513 1333 900 1352 ·············
924 1283 963 1350 οὔ
985 1310 1040 1350 τοι
1062 1283 1166 1369 ἔγωγε

511 1375 551 1470 ἧς
573 1405 614 1468 να
618 1386 671 1468 λης
695 1381 839 1465 δύναμαι
860 1381 1105 1469 γλυκερώτερον
1128 1379 1207 1448 ἄλλο
1234 1381 1378 1449 ἰδέσθαι.
1491 1417 1492 1420 =

307 1506 409 1570 vato
425 1524 488 1586 sq.:
512 1498 587 1666 opt
612 1499 682 1568 αἰει
704 1489 870 1588 φρεσὶν
848 1527 926 1590 ῃσιν
949 1502 1033 1584 ’έχων
1060 1503 1321 1587 δεδαϊγμένον’
1303 1526 1378 1590 ηιορ
1491 1577 1492 1624 ἦ

510 1625 657 1688 poppo.

306 1737 392 1802 huno
412 1755 540 1802 versum
557 1740 644 1816 (320)
667 1745 699 1804 et
716 1743 781 1803 tres
802 1742 972 1819 sequentes
986 1736 1189 1802 Aristarelms
1210 1736 1333 1820 spurios
1353 1753 1413 1801 esse
1490 1743 1491 1778 l

307 1833 461 1900 iudioevit
481 1836 697 1919 compluribus
718 1835 914 1918 argumentis
936 1854 1027 1917 usus,
1057 1853 1076 1900 e
1098 1835 1212 1917 quibus
1238 1855 1333 1900 unum
1353 1837 1413 1898 eret
1490 1837 1491 1840 ’

307 1933 478 2016 singularis
500 1935 557 2000 ille
578 1935 776 2017 pronominis
798 1932 972 2017 possessivi
993 1952 1079 1998 usus.

392 2032 505 2098 esteris
539 2032 619 2098 loeis
646 2031 771 2098 similia
793 2030 943 2113 exempla
971 2049 1030 2094 eae
1059 2030 1234 2114 seripturee
1262 2030 1413 2114 praebent

306 2149 389 2212 quae
408 2150 449 2196 ex
461 2131 613 2196 universe
627 2132 752 2196 ratione
767 2129 876 2194 oritiee
889 2129 1045 2195 minorem
1060 2130 1281 2220 auctoritatem
1296 2128 1414 2193 hebent.

306 2247 401 2311 quum
424 2229 464 2293 ob
486 2248 554 2295 rem
575 2229 652 2311 quie
673 2227 833 2293 difficilius
848 2227 907 2292 iuit
894 2233 1032 2294 otmnes
1053 2227 1254 2292 huiusmodi
1278 2229 1360 2292 looos
1379 2245 1414 2290 en

304 2325 449 2392 oodioum
473 2326 688 2410 disorepantia
714 2325 882 2408 colligere,
911 2345 1015 2409 panea
1042 2326 1173 2392 efferam
1202 2327 1357 2409 exempla.
1377 2357 1412 2368 -

305 2429 338 2488 K
358 2427 420 2489 397
435 2443 482 2506 sq.
505 2426 612 2491 Dolon
634 2423 677 2490 ad
699 2423 828 2490 Ulixem
850 2430 883 2489 et
904 2423 1093 2491 Diomedem
1122 2425 1203 2490 huso
1225 2423 1317 2489 dioit:

430 2644 433 2652 ,
458 2567 479 2664 ἦ
502 2575 566 2665 ἤδη
587 2582 759 2664 χείρεσσιν
781 2571 843 2661 ὑφ’
868 2570 1053 2662 ἡμετέρῃσι
1075 2576 1237 2660 δαμέντες

456 2673 556 2764 φύξιν
576 2671 777 2759 βουλεύουσι
798 2671 883 2755 μετὰ
907 2680 1036 2760 σφισιν.

305 2835 363 2902 sed
398 2837 508 2919 optimi
537 2837 662 2902 oodiees
690 2836 812 2902 hebent
843 2831 1053 2918 posteriores,
1091 2836 1176 2919 quod
1206 2835 1411 2902 Aristarehnm
1491 2843 1492 2916 ᾗ

257 2957 262 2962 ·
304 2933 506 3018 vituperasse
526 2935 560 2999 in
582 2933 712 3001 soholiis
734 2933 885 2998 traditum
909 2940 966 2998 est.
1344 2962 1351 2968 ⁷
1492 2937 1493 2948 ’

341 3074 386 3134 ‘A
411 3073 485 3136 138:
510 3068 541 3135 εἰ
562 3071 623 3152 μὲν
647 3068 687 3157 δὴ
707 3065 921 3152 Ἀντιμάχοιο
945 3067 1131 3155 δαΐφρονος
1153 3069 1244 3148 υἱέες
1266 3067 1411 3144 intorr—
1493 3079 1494 3113 l

410 3191 487 3255 142:
508 3190 565 3254 νῦν
587 3189 648 3271 μὲν
672 3187 712 3275 δὴ
736 3195 796 3253 τοῦ
818 3186 948 3270 πατρὸς
968 3183 1086 3255 ἀεικέα
1106 3194 1217 3256 τίσετε
1240 3187 1359 3274 λώβην.

305 3325 350 3390 sie
372 3345 483 3390 omnes
505 3325 628 3390 habent
650 3324 793 3408 eodioes;
815 3324 928 3390 sedin
951 3326 1073 3393 soholio
1095 3326 1246 3391 traditum
1262 3332 1310 3392 est
1324 3325 1412 3390 Zeno·

306 3421 413 3489 dotum
436 3422 601 3506 seripsisse
623 3409 662 3488 οὗ
677 3421 817 3507 πατρός,
839 3421 921 3489 elios
937 3429 1027 3510 σφοῦ
1045 3421 1184 3508 πατρός,
1206 3423 1411 3491 Aristarchum

304 3525 364 3585 τοῦ
385 3516 525 3604 πατρός.

348 3679 370 3720 α
392 3659 470 3720 402:
506 3653 656 3741 κτήματα
702 3651 735 3719 δ’
774 3652 876 3734 αὐτὸς
919 3653 1010 3737 ἐχοις
1047 3657 1104 3722 και
1142 3653 1275 3739 δώμασι
1311 3665 1411 3722 σοῖσιν.
1493 3663 1494 3670 ’

1119 3747 1291 3832 ἀνάσσοις

305 3889 367 3953 hoe
390 3889 460 3954 loeo
482 3887 609 3970 plurimi
632 3887 805 3971 eodinus,
797 3910 830 3954 m
856 3889 906 3956 his
928 3889 1120 3956 Horleienus
1142 3891 1206 3971 (H),
1230 3891 1345 3958 hubent
1365 3883 1410 3950 υῐ-

308 4000 371 4067 σιν,
393 3994 466 4068 tres‚
490 3985 523 4049 in
545 3984 596 4050 his
617 3986 799 4052 Martianus
821 3987 887 4068 (M),
915 4000 1036 4054 σοῖσιν.
1131 4041 1133 4046 .
1229 4011 1232 4020 ·
