3020 4878
301 379 361 438 142
745 377 751 390 '
809 383 897 438 Gener

299 555 459 621 diversam
482 577 509 618 ω
531 561 563 620 et
585 578 603 618 o
627 521 785 620 vocalium
807 553 1016 638 quantitatem
1041 555 1117 622 ferni
1139 575 1204 620 nou
1227 576 1319 638 posse
1343 576 1406 622 oum

298 654 381 719 bene
402 654 612 734 intellegeret,
635 651 871 718 Kuehnerus
886 657 940 716 tot
961 653 1131 719 loeativutn
1147 653 1290 718 eiusdem
1305 655 1407 736 stirpis
1499 703 1503 745 ,ε

297 774 350 816 nso
374 750 444 818 esse
465 751 575 816 voluit.
619 760 653 814 at
681 757 792 816 eontra
816 772 886 818 eum
908 750 993 816 idem
1017 751 1104 816 valet
1125 758 1347 832 argumentum
1368 759 1407 814 at-

298 867 359 930 que
380 855 491 914 eontra
513 847 689 926 mettium,
723 849 808 930 quod
830 848 1017 930 significatio
1040 849 1237 933 pronominis
1259 847 1408 914 indefiniti
1501 923 1502 928 ἵ

217 999 221 1010 .
297 967 409 1028 parum
445 955 522 1029 apta
559 955 607 1012 est
642 947 685 1012 ad
721 946 920 1012 elfieiendam
957 947 1146 1030 particulam
1180 945 1407 1013 affirmativam.

297 1043 381 1125 quod
405 1044 517 1109 melius
533 1044 629 1110 etiam
642 1044 839 1110 intellectum
856 1045 895 1109 iri
917 1050 1004 1128 puto,
1028 1045 1058 1110 s't
1075 1044 1177 1126 ipsius
1191 1044 1299 1108 Klotzi
1314 1045 1408 1110 verba
1499 1123 1500 1128 ἵ

280 1141 516 1225 adseripturus
536 1143 607 1206 sim.
651 1150 724 1208 sunt
746 1151 852 1208 autem
876 1143 909 1208 li·
924 1143 946 1206 l.
968 1164 1000 1226 p.
1016 1145 1090 1219 735)
1112 1142 1208 1208 haee:
1230 1161 1290 1220 „ao
1312 1140 1409 1224 prima
1500 1197 1501 1200 ,

297 1239 426 1322 quidem
454 1240 555 1304 forma
584 1243 641 1316 (se.
662 1244 717 1304 τοί
744 1240 948 1323 partioulae)‚
980 1241 1108 1323 gravior
1134 1240 1194 1305 illa
1222 1248 1254 1306 θῖ
1280 1244 1409 1304 aoeentu

240 1347 243 1368 ¹
297 1344 423 1414 notata,
453 1336 512 1402 fuit
533 1340 587 1400 τοί
609 1335 907 1418 demonstrativum,
937 1340 1025 1403 ouius
1047 1338 1183 1420 vestigia
1208 1338 1321 1402 reliota
1342 1347 1410 1401 snut

296 1435 331 1499 in
365 1434 530 1519 particulis
564 1431 698 1517 τοιγάρ,
740 1433 912 1518 τοιγάρτοι
947 1443 978 1502 θῖ
1019 1454 1101 1516 quae
1134 1446 1208 1502 sunt
1249 1433 1408 1512 eiusmodi,
1499 1441 1500 1450 ’

271 1533 399 1598 ,altera
421 1532 522 1600 forma
547 1532 651 1597 minus
673 1531 781 1614 gravis
803 1541 852 1599 est
881 1541 913 1599 et
942 1540 1075 1598 aneentu
1100 1541 1201 1614 earet,
1234 1533 1294 1598 hoo
1321 1533 1411 1614 igitur

296 1635 351 1694 τοί
373 1638 422 1696 θεῖ
442 1630 528 1695 idem
551 1631 636 1711 quod
657 1628 703 1713 apl
727 1629 779 1694 vel
801 1635 877 1708 τινί,
903 1637 935 1695 θῖ
956 1629 1113 1712 signifieat
1135 1630 1286 1712 n„aliquo
1308 1630 1409 1708 modo,
1504 1681 1505 1690 ,

297 1729 404 1793 neseio
420 1748 481 1810 quo
497 1727 644 1792 modo““.
680 1728 740 1792 hoe
761 1735 867 1794 autem
890 1727 1271 1810 „„1tesoioquomodo““
1292 1727 1411 1810 aceepit
1500 1737 1505 1800 g

297 1826 361 1890 vim
383 1824 629 1906 adfirmationis,
653 1825 736 1906 quia,
760 1825 787 1890 si
810 1825 887 1907 quid
909 1845 979 1894 esse
1001 1824 1244 1906 adseveramus,
1269 1815 1410 1890 etiamsi
1499 1820 1505 1890 fi

297 1923 426 1989 modum
444 1923 580 2006 „definire
602 1943 666 1988 non
688 1943 871 2006 possumus,
902 1943 940 1990 eo
968 1930 1076 1988 tamen
1104 1942 1171 1988 rem
1198 1923 1232 1986 in
1262 1924 1410 1988 maiorem

297 2021 426 2086 modum
455 2021 623 2088 adfirmare
645 2020 805 2100 videmur,
838 2022 865 2086 si
895 2021 1029 2086 dioimus
1058 2039 1130 2086 esse
1157 2020 1280 2101 aliquid
1307 2020 1410 2102 aliquo
1499 2065 1500 2100 p

296 2119 424 2186 modo.“
467 2121 500 2184 in
523 2121 573 2184 his
595 2140 635 2185 ea
656 2125 741 2184 eerte
762 2118 937 2192 raetissime
964 2137 999 2182 se
1028 2117 1163 2198 babent,
1193 2137 1276 2200 quae
1297 2117 1340 2182 ad
1369 2117 1411 2180 di·
1497 2102 1501 2148 t

295 2218 501 2284 stinotionem
519 2217 729 2306 duarumutot
750 2217 976 2298 particularum
998 2215 1169 2298 pertinent.
1209 2215 1267 2280 sed
1289 2215 1337 2279 vis
1359 2214 1412 2306 θῖ-Ι

296 2315 483 2380 firmationis
511 2314 670 2397 quomodo
697 2314 730 2378 in
759 2311 864 2378 verbis
899 2313 1027 2391 „neseio
1061 2332 1123 2394 quo
1154 2313 1272 2378 modo“
1307 2312 1411 2378 inesse

297 2413 410 2496 possit,
448 2414 552 2494 ipsum
586 2414 646 2477 hoo
681 2412 798 2476 neseio.
842 2417 1010 2494 praeterea
1036 2412 1069 2475 in
1099 2432 1137 2478 eo
1165 2411 1308 2476 Klotzius
1344 2429 1412 2492 per-

297 2530 407 2593 peram
435 2509 523 2590 feeit,
553 2508 637 2592 quod
666 2508 867 2574 Homerioum
898 2528 1074 2574 sermonem
1105 2529 1234 2592 prorsus
1261 2507 1411 2590 neglexit,

297 2626 340 2672 ex
368 2627 430 2689 quo
452 2607 590 2672 omnium
618 2607 836 2688 quaestionum
865 2608 1145 2687 grammatioarum
1172 2605 1411 2670 fundamentum

298 2704 506 2789 repetendum
543 2723 614 2770 θεεθ
635 2711 759 2770 ‚nostra
795 2713 879 2770 oerte
915 2711 1021 2769 aetate
1055 2703 1143 2787 apud
1179 2704 1264 2768 viros
1291 2703 1412 2767 .dootos

297 2810 432 2870 oonstat.
1089 2847 1094 2856 .
1162 2847 1168 2858 ,
1290 2855 1291 2858 ,

382 2903 490 2983 itaque
518 2905 767 2966 eonsentaueum
797 2907 846 2968 θεῖ
875 2899 1263 2982 Naegelsbaohium‚
1296 2899 1412 2981 quippe
1502 2977 1503 2984 ἵ

297 3001 353 3083 qui
372 3000 414 3064 ab
436 2999 603 3064 Homerieo
626 3017 685 3064 usu
706 3001 760 3062 not
781 2998 958 3080 particulae
979 2997 1137 3082 proleotus
1159 2997 1216 3079 sit,
1237 2996 1272 3064 in
1294 2996 1359 3062 eius
1381 2995 1410 3059 vi
1502 3037 1503 3065 t

297 3118 335 3163 ao
370 3094 603 3178 significatione
630 3092 822 3177 explioanda
856 3095 928 3177 plus
956 3095 1129 3177 profeoisse
1157 3113 1252 3176 quam
1284 3100 1411 3173 eeteros,
1502 3087 1503 3094 '

298 3215 377 3278 quos
398 3194 653 3260 oommemoravi.
682 3193 748 3274 egit
769 3198 876 3256 autem
891 3192 932 3258 de
955 3193 1024 3257 sola
1046 3193 1203 3276 particula
1225 3189 1412 3256 affirmativa

298 3301 331 3358 et
353 3293 393 3356 de
416 3292 593 3375 oomposita
615 3286 705 3374 litem
728 3291 876 3370 alteram,
907 3310 1001 3371 quam
1024 3309 1065 3356 ex
1086 3290 1224 3354 looativo
1246 3313 1285 3353 το
1307 3288 1411 3370 stirpis

299 3388 568 3455 demonstrativae
591 3395 691 3453 ortam
720 3407 791 3452 esse
813 3388 880 3451 veri
909 3388 1014 3455 simile
1043 3397 1106 3468 est,
1141 3407 1269 3470 prorsus
1299 3386 1410 3466 omisit,

298 3481 395 3570 idque
417 3507 474 3553 suo
496 3488 574 3566 iure,
598 3488 673 3568 quia
695 3485 736 3550 de
758 3486 826 3550 eius
849 3486 971 3568 origine
987 3494 1018 3552 ot
1035 3483 1265 3568 signifieatione
1287 3483 1410 3568 plurimi

298 3577 437 3650 virorum
468 3584 632 3649 doetorum
660 3583 872 3649 eonsentiunt.
916 3584 1095 3650 enolitioam
1129 3583 1225 3664 igitur
1251 3587 1306 3646 τοί
1339 3600 1411 3663 par-

298 3683 443 3764 tioulam‚
472 3687 507 3746 ut
528 3683 592 3746 inm
615 3682 851 3764 Naegelsbaohi
872 3682 1192 3762 argumentationem,
1209 3681 1344 3746 breviter
1363 3697 1411 3742 re·

299 3788 420 3864 petam,
457 3799 497 3844 ex
524 3785 580 3844 τοί
607 3779 716 3846 dativo
745 3781 849 3846 ethioo
877 3786 978 3862 ortam
1008 3798 1078 3845 esse
1107 3779 1243 3862 primum
1273 3799 1340 3844 eam
1367 3775 1409 3840 ob

299 3897 427 3942 oausam
455 3877 523 3942 veri
552 3877 657 3944 simile
679 3885 743 3960 est,
773 3878 857 3960 qnod
884 3877 1030 3942 nonnulli
1058 3875 1145 3959 apud
1166 3877 1336 3944 Homerum
1357 3893 1410 3938 ex-

298 3983 391 4042 stant
411 3975 488 4056 loei,
519 3975 633 4057 quibus
653 3976 825 4042 admodum
854 3975 985 4039 dubium
1014 3975 1070 4058 sit,
1099 3982 1204 4040 utrum
1231 3979 1285 4038 τοί
1312 3970 1409 4038 dativi
